<collection xmlns="http://www.loc.gov/MARC21/slim">
<record>
  <leader>01946cam a22003491a 4500</leader>
  <controlfield tag="001">24829</controlfield>
  <controlfield tag="005">20200103150655.0</controlfield>
  <controlfield tag="008">910208s1988    le a     b    001 0 ara  </controlfield>
  <datafield tag="906" ind1=" " ind2=" ">
    <subfield code="a">7</subfield>
    <subfield code="b">cbc</subfield>
    <subfield code="c">orignew</subfield>
    <subfield code="d">4</subfield>
    <subfield code="e">ncip</subfield>
    <subfield code="f">19</subfield>
    <subfield code="g">y-gencatlg</subfield>
  </datafield>
  <datafield tag="955" ind1=" " ind2=" ">
    <subfield code="a">arr RC-mena 5729;</subfield>
    <subfield code="i">yh59 2006-03-29</subfield>
    <subfield code="e">yh59 2006-03-29 to BCCD</subfield>
    <subfield code="u">cm04 2020-01-03 Telework</subfield>
  </datafield>
  <datafield tag="010" ind1=" " ind2=" ">
    <subfield code="a">   88963179 </subfield>
  </datafield>
  <datafield tag="040" ind1=" " ind2=" ">
    <subfield code="a">DLC</subfield>
    <subfield code="c">DLC</subfield>
    <subfield code="d">DLC</subfield>
  </datafield>
  <datafield tag="042" ind1=" " ind2=" ">
    <subfield code="a">pcc</subfield>
  </datafield>
  <datafield tag="050" ind1="0" ind2="0">
    <subfield code="a">BP166.2</subfield>
    <subfield code="b">.A36 1988</subfield>
  </datafield>
  <datafield tag="066" ind1=" " ind2=" ">
    <subfield code="c">(3</subfield>
  </datafield>
  <datafield tag="100" ind1="1" ind2=" ">
    <subfield code="6">880-01</subfield>
    <subfield code="a">Ājurrī, Muḥammad ibn al-Ḥusayn,</subfield>
    <subfield code="d">-970.</subfield>
  </datafield>
  <datafield tag="880" ind1="1" ind2=" ">
    <subfield code="6">100-01/(3/r‏</subfield>
    <subfield code="a">‏آجري، محمد بن الحسين،‏</subfield>
    <subfield code="d">‏-970.</subfield>
  </datafield>
  <datafield tag="240" ind1="1" ind2="0">
    <subfield code="6">880-02</subfield>
    <subfield code="a">Taṣdīq bi-al-naẓar ilá Allāh taʻālá fī al-ākhirah</subfield>
  </datafield>
  <datafield tag="880" ind1="1" ind2="0">
    <subfield code="6">240-02/(3/r‏</subfield>
    <subfield code="a">‏تصديق بالنظر إلى الله تعالى في الآخرة</subfield>
  </datafield>
  <datafield tag="245" ind1="1" ind2="0">
    <subfield code="6">880-03</subfield>
    <subfield code="a">Kitāb al-taṣdīq bi-al-naẓar ilá Allāh taʻālá fī al-ākhirah /</subfield>
    <subfield code="c">taʼlīf Abī Bakr Muḥammad ibn al-Ḥusayn al-Ājurrī ; ḥaqqaqahu wa-kharraja aḥādīthahu wa-ḍabaṭa naṣṣahu Samīr ibn Amīn al-Zuhayrī.</subfield>
  </datafield>
  <datafield tag="880" ind1="1" ind2="0">
    <subfield code="6">245-03/(3/r‏</subfield>
    <subfield code="a">‏كتاب التصديق بالنظر إلى الله تعالى في الآخرة /‏</subfield>
    <subfield code="c">‏تأليف أبي بكر محمد بن الحسين الآجري ؛ حققه وخرج احاديثه وضبط نصه سمير بن أمين الزهيري.</subfield>
  </datafield>
  <datafield tag="250" ind1=" " ind2=" ">
    <subfield code="6">880-04</subfield>
    <subfield code="a">al-Ṭabʻah 1.</subfield>
  </datafield>
  <datafield tag="880" ind1=" " ind2=" ">
    <subfield code="6">250-04/(3/r‏</subfield>
    <subfield code="a">‏الطبعة 1.</subfield>
  </datafield>
  <datafield tag="260" ind1=" " ind2=" ">
    <subfield code="6">880-05</subfield>
    <subfield code="a">Bayrūt :</subfield>
    <subfield code="b">Muʼassasat al-Risālah,</subfield>
    <subfield code="c">1988.</subfield>
  </datafield>
  <datafield tag="880" ind1=" " ind2=" ">
    <subfield code="6">260-05/(3/r‏</subfield>
    <subfield code="a">‏بيروت :‏</subfield>
    <subfield code="b">‏مؤسسة الرسالة,‏</subfield>
    <subfield code="c">‏‪1988‬.</subfield>
  </datafield>
  <datafield tag="300" ind1=" " ind2=" ">
    <subfield code="a">94 p. :</subfield>
    <subfield code="b">ill. ;</subfield>
    <subfield code="c">24 cm.</subfield>
  </datafield>
  <datafield tag="504" ind1=" " ind2=" ">
    <subfield code="a">Includes bibliographical references and indexes.</subfield>
  </datafield>
  <datafield tag="650" ind1=" " ind2="0">
    <subfield code="a">God (Islam)</subfield>
    <subfield code="v">Early works to 1800.</subfield>
  </datafield>
  <datafield tag="650" ind1=" " ind2="0">
    <subfield code="a">Future life</subfield>
    <subfield code="x">Islam</subfield>
    <subfield code="v">Early works to 1800.</subfield>
  </datafield>
  <datafield tag="700" ind1="1" ind2=" ">
    <subfield code="6">880-06</subfield>
    <subfield code="a">Zuhayrī, Samīr ibn Amīn.</subfield>
  </datafield>
  <datafield tag="880" ind1="1" ind2=" ">
    <subfield code="6">700-06/(3/r‏</subfield>
    <subfield code="a">‏زهيري، سمير بن أمين.</subfield>
  </datafield>
  <datafield tag="922" ind1=" " ind2=" ">
    <subfield code="a">ap</subfield>
  </datafield>
</record>