
<record>
  <leader>01979cam a2200337 a 4500</leader>
  <controlfield tag="001">573434</controlfield>
  <controlfield tag="005">20200103151459.0</controlfield>
  <controlfield tag="008">940106s1988    cl ab    b    000 0 spa d</controlfield>
  <datafield tag="906" ind1=" " ind2=" ">
    <subfield code="a">7</subfield>
    <subfield code="b">cbc</subfield>
    <subfield code="c">copycat</subfield>
    <subfield code="d">4</subfield>
    <subfield code="e">ncip</subfield>
    <subfield code="f">19</subfield>
    <subfield code="g">y-gencatlg</subfield>
  </datafield>
  <datafield tag="955" ind1=" " ind2=" ">
    <subfield code="a">nc09/tl 11-22-93; nf02 01-06-94; sf14 02-28-94</subfield>
  </datafield>
  <datafield tag="035" ind1=" " ind2=" ">
    <subfield code="9">(DLC)   89191748</subfield>
  </datafield>
  <datafield tag="010" ind1=" " ind2=" ">
    <subfield code="a">   89191748 </subfield>
  </datafield>
  <datafield tag="020" ind1=" " ind2=" ">
    <subfield code="a">9223068061</subfield>
  </datafield>
  <datafield tag="035" ind1=" " ind2=" ">
    <subfield code="a">(OCoLC)22499493</subfield>
  </datafield>
  <datafield tag="040" ind1=" " ind2=" ">
    <subfield code="a">NmU</subfield>
    <subfield code="c">NmU</subfield>
    <subfield code="d">PPiU</subfield>
    <subfield code="d">DLC</subfield>
  </datafield>
  <datafield tag="042" ind1=" " ind2=" ">
    <subfield code="a">lccopycat</subfield>
  </datafield>
  <datafield tag="043" ind1=" " ind2=" ">
    <subfield code="a">cl-----</subfield>
  </datafield>
  <datafield tag="050" ind1="0" ind2="0">
    <subfield code="a">HD5713.6.L29</subfield>
    <subfield code="b">E46 1988</subfield>
  </datafield>
  <datafield tag="245" ind1="0" ind2="0">
    <subfield code="a">Empleos de emergencia.</subfield>
  </datafield>
  <datafield tag="250" ind1=" " ind2=" ">
    <subfield code="a">1. ed.</subfield>
  </datafield>
  <datafield tag="260" ind1=" " ind2=" ">
    <subfield code="a">[Santiago, Chile] :</subfield>
    <subfield code="b">PREALC :</subfield>
    <subfield code="b">OIT,</subfield>
    <subfield code="c">1988.</subfield>
  </datafield>
  <datafield tag="300" ind1=" " ind2=" ">
    <subfield code="a">x, 317 p. :</subfield>
    <subfield code="b">ill., maps ;</subfield>
    <subfield code="c">24 cm.</subfield>
  </datafield>
  <datafield tag="504" ind1=" " ind2=" ">
    <subfield code="a">Includes bibliographical references.</subfield>
  </datafield>
  <datafield tag="505" ind1="0" ind2=" ">
    <subfield code="a">Bolivia : Fondo Social de Emergencia / Mauricio Balcázar, Fernando Romero -- Brasil : los frentes del trabajo del nordeste / Marle de Oliveira Macedo -- Brasil : evaluación del programa de prioridades sociales / Ademar de Andrade Bertucci, Gilson Duarte F. dos Santos, Marisa Pacheco -- Brasil : la ejecución del programa de prioridades sociales en el Estado de Ceará / José de Freitas Uchoa -- Chile : programas de empleo en Chile / Hernán Cortez Baldassano -- Chile : implementación de proyectos a través de programas de empleo / Héctor Rafael Kappes -- Perú : el Programa de Apoyo al Ingreso Temporal (PAIT) / Nicolás Houghton -- Perú : el impacto social del PAIT / María Elena Vigier -- Programas especiales de empleo en los países de la OCDE / David H. Freedman -- La política de empleo en España / Mercedes Puntonet..</subfield>
  </datafield>
  <datafield tag="650" ind1=" " ind2="0">
    <subfield code="a">Public service employment</subfield>
    <subfield code="z">Latin America.</subfield>
  </datafield>
  <datafield tag="650" ind1=" " ind2="0">
    <subfield code="a">Manpower policy</subfield>
    <subfield code="z">Latin America.</subfield>
  </datafield>
  <datafield tag="650" ind1=" " ind2="0">
    <subfield code="a">Unemployment</subfield>
    <subfield code="z">Latin America.</subfield>
  </datafield>
  <datafield tag="650" ind1=" " ind2="0">
    <subfield code="a">Underemployment</subfield>
    <subfield code="z">Latin America.</subfield>
  </datafield>
  <datafield tag="710" ind1="2" ind2=" ">
    <subfield code="a">Regional Employment Program for Latin America and the Caribbean.</subfield>
  </datafield>
  <datafield tag="710" ind1="2" ind2=" ">
    <subfield code="a">International Labour Office.</subfield>
  </datafield>
  <datafield tag="991" ind1=" " ind2=" ">
    <subfield code="b">c-GenColl</subfield>
    <subfield code="h">HD5713.6.L29</subfield>
    <subfield code="i">E46 1988</subfield>
    <subfield code="t">Copy 1</subfield>
    <subfield code="w">BOOKS</subfield>
  </datafield>
</record>