
<record>
  <leader>01296cam a22002651  4500</leader>
  <controlfield tag="001">762919</controlfield>
  <controlfield tag="005">20200103130252.0</controlfield>
  <controlfield tag="008">700114s1968    ohu      b    000 0 eng  </controlfield>
  <datafield tag="035" ind1=" " ind2=" ">
    <subfield code="9">(DLC)   69010745</subfield>
  </datafield>
  <datafield tag="906" ind1=" " ind2=" ">
    <subfield code="a">7</subfield>
    <subfield code="b">cbc</subfield>
    <subfield code="c">orignew</subfield>
    <subfield code="d">u</subfield>
    <subfield code="e">ncip</subfield>
    <subfield code="f">19</subfield>
    <subfield code="g">y-gencatlg</subfield>
  </datafield>
  <datafield tag="010" ind1=" " ind2=" ">
    <subfield code="a">   69010745 </subfield>
  </datafield>
  <datafield tag="040" ind1=" " ind2=" ">
    <subfield code="a">DLC</subfield>
    <subfield code="c">DLC</subfield>
    <subfield code="d">DLC</subfield>
  </datafield>
  <datafield tag="050" ind1="0" ind2="0">
    <subfield code="a">PN6014</subfield>
    <subfield code="b">.B738</subfield>
  </datafield>
  <datafield tag="082" ind1="0" ind2="0">
    <subfield code="a">808.04/275</subfield>
  </datafield>
  <datafield tag="100" ind1="1" ind2=" ">
    <subfield code="a">Brown, Ashley,</subfield>
    <subfield code="d">1923-</subfield>
    <subfield code="e">comp.</subfield>
  </datafield>
  <datafield tag="245" ind1="1" ind2="0">
    <subfield code="a">Comedy.</subfield>
    <subfield code="c">Edited by Ashley Brown [and] John L. Kimmey.</subfield>
  </datafield>
  <datafield tag="260" ind1=" " ind2=" ">
    <subfield code="a">Columbus, Ohio,</subfield>
    <subfield code="b">C. E. Merrill Pub. Co.</subfield>
    <subfield code="c">[1968]</subfield>
  </datafield>
  <datafield tag="300" ind1=" " ind2=" ">
    <subfield code="a">vii, 251 p.</subfield>
    <subfield code="c">23 cm.</subfield>
  </datafield>
  <datafield tag="490" ind1="0" ind2=" ">
    <subfield code="a">Their Modes of literature series</subfield>
  </datafield>
  <datafield tag="504" ind1=" " ind2=" ">
    <subfield code="a">Bibliography: p. 9.</subfield>
  </datafield>
  <datafield tag="505" ind1="0" ind2=" ">
    <subfield code="a">Introduction.--The merchant&apos;s tale, by G. Chaucer.--The country wife, by W. Wycherley.--Don Juan, Canto I, by G. Gordon, Lord Byron.--The nose, by N. Gogol.--The boarding house, by J. Joyce.--Nuns at luncheon, by A. Huxley.--Some like them cold, by R. Lardner.--Ode on the death of a favorite cat, by T. Gray.--The kitty-cat bird, by T. Roethke.--The ruined maid, by T. Hardy.--In a prominent bar in Secaucus one day, by X. J. Kennedy.--If, my darling, by P. Larkin.</subfield>
  </datafield>
  <datafield tag="650" ind1=" " ind2="0">
    <subfield code="a">Literature</subfield>
    <subfield code="x">Collections.</subfield>
  </datafield>
  <datafield tag="650" ind1=" " ind2="0">
    <subfield code="a">College readers.</subfield>
  </datafield>
  <datafield tag="700" ind1="1" ind2=" ">
    <subfield code="a">Kimmey, John,</subfield>
    <subfield code="d">1922-</subfield>
    <subfield code="e">joint comp.</subfield>
  </datafield>
  <datafield tag="991" ind1=" " ind2=" ">
    <subfield code="b">c-GenColl</subfield>
    <subfield code="h">PN6014</subfield>
    <subfield code="i">.B738</subfield>
    <subfield code="t">Copy 1</subfield>
    <subfield code="w">BOOKS</subfield>
  </datafield>
</record>