
<record>
  <leader>02288cam a22004457a 4500</leader>
  <controlfield tag="001">1033512</controlfield>
  <controlfield tag="005">20200103144218.0</controlfield>
  <controlfield tag="008">910416s1973    ir a     b    000 0 per  </controlfield>
  <datafield tag="906" ind1=" " ind2=" ">
    <subfield code="a">7</subfield>
    <subfield code="b">cbc</subfield>
    <subfield code="c">copycat</subfield>
    <subfield code="d">4</subfield>
    <subfield code="e">ncip</subfield>
    <subfield code="f">19</subfield>
    <subfield code="g">y-nonroman</subfield>
  </datafield>
  <datafield tag="955" ind1=" " ind2=" ">
    <subfield code="a">ck04 to arrearage, 04-16-91; yh81 05-16-97;</subfield>
    <subfield code="a">cm03 2020-01-03  OCLC Copycat Overlay; Copy 2 to CabinBranch for FrankBkColl</subfield>
  </datafield>
  <datafield tag="010" ind1=" " ind2=" ">
    <subfield code="a">   88931465 </subfield>
  </datafield>
  <datafield tag="035" ind1=" " ind2=" ">
    <subfield code="a">(OCoLC)ocm36930418</subfield>
  </datafield>
  <datafield tag="035" ind1=" " ind2=" ">
    <subfield code="a">(OCoLC)36930418</subfield>
    <subfield code="z">(OCoLC)643640392</subfield>
  </datafield>
  <datafield tag="040" ind1=" " ind2=" ">
    <subfield code="a">DLC</subfield>
    <subfield code="b">eng</subfield>
    <subfield code="c">DLC</subfield>
    <subfield code="d">OCLCO</subfield>
    <subfield code="d">EUM</subfield>
    <subfield code="d">OCLCF</subfield>
    <subfield code="d">NOC</subfield>
    <subfield code="d">OCLCQ</subfield>
    <subfield code="d">DLC</subfield>
  </datafield>
  <datafield tag="042" ind1=" " ind2=" ">
    <subfield code="a">lccopycat</subfield>
  </datafield>
  <datafield tag="043" ind1=" " ind2=" ">
    <subfield code="a">a-ir---</subfield>
  </datafield>
  <datafield tag="050" ind1="0" ind2="0">
    <subfield code="a">MLCMN 97/1196</subfield>
    <subfield code="a">NK2809</subfield>
  </datafield>
  <datafield tag="051" ind1=" " ind2=" ">
    <subfield code="a">NK2809.P4</subfield>
    <subfield code="b">P293 1973 Copy 2</subfield>
    <subfield code="c">Franklin Book Program Collection, no. P772</subfield>
  </datafield>
  <datafield tag="066" ind1=" " ind2=" ">
    <subfield code="c">(3</subfield>
    <subfield code="c">(4</subfield>
  </datafield>
  <datafield tag="100" ind1="1" ind2=" ">
    <subfield code="6">880-01</subfield>
    <subfield code="a">Parhām, Sīrūs.</subfield>
  </datafield>
  <datafield tag="880" ind1="1" ind2=" ">
    <subfield code="6">100-01/(4/r‏</subfield>
    <subfield code="a">‏پرهام، سيروس‏.</subfield>
  </datafield>
  <datafield tag="245" ind1="1" ind2="0">
    <subfield code="6">880-02</subfield>
    <subfield code="a">Qālī-i Būlvardī /</subfield>
    <subfield code="c">Sīrūs Parhām.</subfield>
  </datafield>
  <datafield tag="880" ind1="1" ind2="0">
    <subfield code="6">245-02/(3/r‏</subfield>
    <subfield code="a">‏قالى بولوردى /‏</subfield>
    <subfield code="c">‏سيروس پرهام.‏.</subfield>
  </datafield>
  <datafield tag="246" ind1="1" ind2=" ">
    <subfield code="i">Title on jacket:</subfield>
    <subfield code="a">Bolvardi carpet</subfield>
  </datafield>
  <datafield tag="260" ind1=" " ind2=" ">
    <subfield code="6">880-03</subfield>
    <subfield code="a">Tihrān :</subfield>
    <subfield code="b">Shirkat-i Sahāmī-i Kitābhā-yi Jībī, bā hamkārī-i Muʼassasah-ʼi Intishārāt-i Farānklīn,</subfield>
    <subfield code="c">1352 [1973]</subfield>
  </datafield>
  <datafield tag="880" ind1=" " ind2=" ">
    <subfield code="6">260-03/(3/r‏</subfield>
    <subfield code="a">‏تهران :‏</subfield>
    <subfield code="b">‏شرکت سهامى کتابهاى جيبى، با همکارى مؤسسۀ انتشارات فرانکلين،‏</subfield>
    <subfield code="c">‏‪1352 [1973]‬.</subfield>
  </datafield>
  <datafield tag="300" ind1=" " ind2=" ">
    <subfield code="a">56 pages :</subfield>
    <subfield code="b">illustrations (some color) ;</subfield>
    <subfield code="c">29 cm.</subfield>
  </datafield>
  <datafield tag="336" ind1=" " ind2=" ">
    <subfield code="a">text</subfield>
    <subfield code="b">txt</subfield>
    <subfield code="2">rdacontent</subfield>
  </datafield>
  <datafield tag="337" ind1=" " ind2=" ">
    <subfield code="a">unmediated</subfield>
    <subfield code="b">n</subfield>
    <subfield code="2">rdamedia</subfield>
  </datafield>
  <datafield tag="338" ind1=" " ind2=" ">
    <subfield code="a">volume</subfield>
    <subfield code="b">nc</subfield>
    <subfield code="2">rdacarrier</subfield>
  </datafield>
  <datafield tag="490" ind1="1" ind2=" ">
    <subfield code="6">880-04</subfield>
    <subfield code="a">Qālīʹhā-yi rūstāyī va ʻashāyirī-i Īrān ;</subfield>
    <subfield code="v">1</subfield>
  </datafield>
  <datafield tag="880" ind1="0" ind2=" ">
    <subfield code="6">490-04/(3/r‏</subfield>
    <subfield code="a">‏قالى‌هاى روستايى و عشايرى ايران ؛‏</subfield>
    <subfield code="v">‏1</subfield>
  </datafield>
  <datafield tag="504" ind1=" " ind2=" ">
    <subfield code="a">Includes bibliographical references.</subfield>
  </datafield>
  <datafield tag="530" ind1=" " ind2=" ">
    <subfield code="a">Also issued online.</subfield>
  </datafield>
  <datafield tag="650" ind1=" " ind2="0">
    <subfield code="a">Rugs, Persian</subfield>
    <subfield code="x">Themes, motives.</subfield>
  </datafield>
  <datafield tag="650" ind1=" " ind2="7">
    <subfield code="a">Rugs, Persian</subfield>
    <subfield code="x">Themes, motives.</subfield>
    <subfield code="2">fast</subfield>
    <subfield code="0">(OCoLC)fst01101195</subfield>
  </datafield>
  <datafield tag="653" ind1=" " ind2=" ">
    <subfield code="a">Rugs of Bulvard (Iran)</subfield>
  </datafield>
  <datafield tag="710" ind1="2" ind2=" ">
    <subfield code="a">Franklin Book Program Collection (Library of Congress)</subfield>
    <subfield code="5">DLC</subfield>
  </datafield>
  <datafield tag="830" ind1=" " ind2="0">
    <subfield code="6">880-05</subfield>
    <subfield code="a">Qālīʹhā-yi rūstāyī va ʻashāyirī-i Īrān ;</subfield>
    <subfield code="v">1.</subfield>
  </datafield>
  <datafield tag="880" ind1=" " ind2="0">
    <subfield code="6">830-05/(3/r‏</subfield>
    <subfield code="a">‏قالى‌هاى روستايى و عشايرى ايران ؛ ;‏</subfield>
    <subfield code="v">‏1.</subfield>
  </datafield>
</record>