
<record>
  <leader>00946cam a2200241 i 4500</leader>
  <controlfield tag="001">1363550</controlfield>
  <controlfield tag="005">20200103120456.0</controlfield>
  <controlfield tag="008">800508s1979    ru a          000 0 ruso </controlfield>
  <datafield tag="906" ind1=" " ind2=" ">
    <subfield code="a">7</subfield>
    <subfield code="b">cbc</subfield>
    <subfield code="c">orignew</subfield>
    <subfield code="d">3</subfield>
    <subfield code="e">ncip</subfield>
    <subfield code="f">19</subfield>
    <subfield code="g">y-gencatlg</subfield>
  </datafield>
  <datafield tag="010" ind1=" " ind2=" ">
    <subfield code="a">   80472404 </subfield>
  </datafield>
  <datafield tag="015" ind1=" " ind2=" ">
    <subfield code="a">USSR79</subfield>
  </datafield>
  <datafield tag="020" ind1=" " ind2=" ">
    <subfield code="c">1.50rub</subfield>
  </datafield>
  <datafield tag="035" ind1=" " ind2=" ">
    <subfield code="9">(DLC)   80472404</subfield>
  </datafield>
  <datafield tag="040" ind1=" " ind2=" ">
    <subfield code="a">DLC</subfield>
    <subfield code="c">DLC</subfield>
    <subfield code="d">DLC</subfield>
  </datafield>
  <datafield tag="050" ind1="0" ind2="0">
    <subfield code="a">PG2128</subfield>
    <subfield code="b">.R3</subfield>
  </datafield>
  <datafield tag="100" ind1="1" ind2=" ">
    <subfield code="a">Rassudova, O. P.</subfield>
    <subfield code="q">(Olʹga Petrovna)</subfield>
  </datafield>
  <datafield tag="245" ind1="1" ind2="0">
    <subfield code="a">Intensivnyĭ kurs russkogo i︠a︡zyka :</subfield>
    <subfield code="b">Kn. dli︠a︡ uchashchikhsi︠a︡ : [Dli︠a︡ inostrant︠s︡ev] : &quot;Temp&quot; /</subfield>
    <subfield code="c">O. P. Rassudova, L. V. Stepanova.</subfield>
  </datafield>
  <datafield tag="260" ind1=" " ind2=" ">
    <subfield code="a">Moskva :</subfield>
    <subfield code="b">Rus. i︠a︡z.,</subfield>
    <subfield code="c">1979.</subfield>
  </datafield>
  <datafield tag="300" ind1=" " ind2=" ">
    <subfield code="a">247 p. :</subfield>
    <subfield code="b">ill. (some col.) ;</subfield>
    <subfield code="c">22 cm.</subfield>
  </datafield>
  <datafield tag="650" ind1=" " ind2="0">
    <subfield code="a">Russian language</subfield>
    <subfield code="x">Textbooks for foreign speakers.</subfield>
  </datafield>
  <datafield tag="650" ind1=" " ind2="0">
    <subfield code="a">Russian language</subfield>
    <subfield code="x">Spoken Russian.</subfield>
  </datafield>
  <datafield tag="700" ind1="1" ind2=" ">
    <subfield code="a">Stepanova, L. V.</subfield>
    <subfield code="q">(Li︠u︡dmila Valentinovna),</subfield>
    <subfield code="e">joint author.</subfield>
  </datafield>
  <datafield tag="991" ind1=" " ind2=" ">
    <subfield code="b">c-GenColl</subfield>
    <subfield code="h">PG2128</subfield>
    <subfield code="i">.R3</subfield>
    <subfield code="p">00026197880</subfield>
    <subfield code="t">Copy 1</subfield>
    <subfield code="w">BOOKS</subfield>
  </datafield>
</record>