
<record>
  <leader>01322cam a2200289 a 4500</leader>
  <controlfield tag="001">1430911</controlfield>
  <controlfield tag="005">20200103155253.0</controlfield>
  <controlfield tag="008">840417s1983    un       b    000 0 ruso </controlfield>
  <datafield tag="906" ind1=" " ind2=" ">
    <subfield code="a">7</subfield>
    <subfield code="b">cbc</subfield>
    <subfield code="c">orignew</subfield>
    <subfield code="d">4</subfield>
    <subfield code="e">ncip</subfield>
    <subfield code="f">19</subfield>
    <subfield code="g">y-gencatlg</subfield>
  </datafield>
  <datafield tag="955" ind1=" " ind2=" ">
    <subfield code="a">ee10 9-6-85; fg05 9-25-85; fg09 10-16-90; fs62 10-29-90</subfield>
  </datafield>
  <datafield tag="010" ind1=" " ind2=" ">
    <subfield code="a">   84150294 </subfield>
  </datafield>
  <datafield tag="020" ind1=" " ind2=" ">
    <subfield code="c">0.30rub</subfield>
  </datafield>
  <datafield tag="035" ind1=" " ind2=" ">
    <subfield code="9">(DLC)   84150294</subfield>
  </datafield>
  <datafield tag="040" ind1=" " ind2=" ">
    <subfield code="a">DLC</subfield>
    <subfield code="c">DLC</subfield>
    <subfield code="d">DLC</subfield>
  </datafield>
  <datafield tag="050" ind1="0" ind2="0">
    <subfield code="a">QA76.6</subfield>
    <subfield code="b">.E413 1983</subfield>
  </datafield>
  <datafield tag="245" ind1="1" ind2="0">
    <subfield code="a">Ėffektivnai︠a︡ organizat︠s︡ii︠a︡ vychisleniĭ i chislennye metody :</subfield>
    <subfield code="b">sbornik nauchnykh trudov /</subfield>
    <subfield code="c">[redakt︠s︡ionnai︠a︡ kollegii︠a︡ I.V. Sergienko ... A.I. Nikitin (otvetstv. redaktor) ... et al.].</subfield>
  </datafield>
  <datafield tag="260" ind1=" " ind2=" ">
    <subfield code="a">Kiev :</subfield>
    <subfield code="b">Akademii︠a︡ nauk Ukr. SSR, In-t kibernetiki im. V.M. Glushkova,</subfield>
    <subfield code="c">1983.</subfield>
  </datafield>
  <datafield tag="300" ind1=" " ind2=" ">
    <subfield code="a">110 p. ;</subfield>
    <subfield code="c">20 cm.</subfield>
  </datafield>
  <datafield tag="500" ind1=" " ind2=" ">
    <subfield code="a">At head of title: Akademii︠a︡ nauk Ukrainskoĭ SSR. Nauchnyĭ sovet po probleme &quot;Kibernetika.&quot;</subfield>
  </datafield>
  <datafield tag="504" ind1=" " ind2=" ">
    <subfield code="a">Includes bibliographical references.</subfield>
  </datafield>
  <datafield tag="650" ind1=" " ind2="0">
    <subfield code="a">Computer programming.</subfield>
  </datafield>
  <datafield tag="700" ind1="1" ind2=" ">
    <subfield code="a">Sergienko, Ivan Vasilʹevich.</subfield>
  </datafield>
  <datafield tag="700" ind1="1" ind2=" ">
    <subfield code="a">Nikitin, A. I.</subfield>
    <subfield code="q">(Andreĭ Ivanovich)</subfield>
  </datafield>
  <datafield tag="710" ind1="2" ind2=" ">
    <subfield code="a">Naukova rada z kibernetyky (Akademii︠a︡ nauk Ukraïnsʹkoï RSR)</subfield>
  </datafield>
  <datafield tag="710" ind1="2" ind2=" ">
    <subfield code="a">Institut kibernetiki im. V.M. Glushkova.</subfield>
  </datafield>
  <datafield tag="922" ind1=" " ind2=" ">
    <subfield code="a">ax</subfield>
  </datafield>
  <datafield tag="991" ind1=" " ind2=" ">
    <subfield code="b">c-GenColl</subfield>
    <subfield code="h">QA76.6</subfield>
    <subfield code="i">.E413 1983</subfield>
    <subfield code="p">00034803353</subfield>
    <subfield code="t">Copy 1</subfield>
    <subfield code="w">BOOKS</subfield>
  </datafield>
</record>