
<record>
  <leader>01420cam a2200313 a 4500</leader>
  <controlfield tag="001">1534055</controlfield>
  <controlfield tag="005">20200103134308.0</controlfield>
  <controlfield tag="008">900814s1978    tu       b    000 0 tur  </controlfield>
  <datafield tag="906" ind1=" " ind2=" ">
    <subfield code="a">7</subfield>
    <subfield code="b">cbc</subfield>
    <subfield code="c">orignew</subfield>
    <subfield code="d">3</subfield>
    <subfield code="e">ncip</subfield>
    <subfield code="f">19</subfield>
    <subfield code="g">y-gencatlg</subfield>
  </datafield>
  <datafield tag="955" ind1=" " ind2=" ">
    <subfield code="a">kc99 08-14-90; bc99 to SCD 10-19-90; fe11 12-03-90; fq28 03-12-91; fq28 03-12-91</subfield>
  </datafield>
  <datafield tag="035" ind1=" " ind2=" ">
    <subfield code="9">(DLC)   90184954</subfield>
  </datafield>
  <datafield tag="010" ind1=" " ind2=" ">
    <subfield code="a">   90184954 </subfield>
  </datafield>
  <datafield tag="040" ind1=" " ind2=" ">
    <subfield code="a">DLC</subfield>
    <subfield code="c">DLC</subfield>
  </datafield>
  <datafield tag="043" ind1=" " ind2=" ">
    <subfield code="a">a-tu---</subfield>
  </datafield>
  <datafield tag="050" ind1="0" ind2="0">
    <subfield code="a">KKX940</subfield>
    <subfield code="b">.C67 1978</subfield>
  </datafield>
  <datafield tag="100" ind1="1" ind2=" ">
    <subfield code="a">Coşkun, Turhan.</subfield>
  </datafield>
  <datafield tag="245" ind1="1" ind2="0">
    <subfield code="a">Bankacılar için banka muhasebesi :</subfield>
    <subfield code="b">genel bilgiler ve uygulamalar /</subfield>
    <subfield code="c">Turhan Coşkun, Suna Ünal.</subfield>
  </datafield>
  <datafield tag="260" ind1=" " ind2=" ">
    <subfield code="a">Cebeci, Ankara :</subfield>
    <subfield code="b">Banka ve Ticaret Hukuku Araştırma Enstitüsü, Türkiye İş Bankası Tesisi, Hukuk Fakültesi,</subfield>
    <subfield code="c">[1978]</subfield>
  </datafield>
  <datafield tag="300" ind1=" " ind2=" ">
    <subfield code="a">xii, 105 p. ;</subfield>
    <subfield code="c">24 cm.</subfield>
  </datafield>
  <datafield tag="490" ind1="1" ind2=" ">
    <subfield code="a">Yayın / Banka ve Ticaret Hukuku Araştırma Enstitüsü ;</subfield>
    <subfield code="v">no. 129.</subfield>
    <subfield code="a">Bankacılar serisi ;</subfield>
    <subfield code="v">no. 19</subfield>
  </datafield>
  <datafield tag="500" ind1=" " ind2=" ">
    <subfield code="a">Includes bibliographical references (p. 96).</subfield>
  </datafield>
  <datafield tag="650" ind1=" " ind2="0">
    <subfield code="a">Banking law</subfield>
    <subfield code="z">Turkey.</subfield>
  </datafield>
  <datafield tag="650" ind1=" " ind2="0">
    <subfield code="a">Banks and banking</subfield>
    <subfield code="z">Turkey</subfield>
    <subfield code="x">Accounting.</subfield>
  </datafield>
  <datafield tag="700" ind1="1" ind2=" ">
    <subfield code="a">Ünal, Suna.</subfield>
  </datafield>
  <datafield tag="740" ind1="0" ind2=" ">
    <subfield code="a">Banka muhasebesi.</subfield>
  </datafield>
  <datafield tag="830" ind1=" " ind2="0">
    <subfield code="a">Yayın (Ankara Üniversitesi. Banka ve Ticaret Hukuku Araştırma Enstitüsü) ;</subfield>
    <subfield code="v">nu. 129.</subfield>
  </datafield>
  <datafield tag="830" ind1=" " ind2="0">
    <subfield code="a">Yayın (Ankara Üniversitesi. Banka ve Ticaret Hukuku Araştırma Enstitüsü).</subfield>
    <subfield code="p">Bankacılar serisi ;</subfield>
    <subfield code="v">no. 19.</subfield>
  </datafield>
  <datafield tag="922" ind1=" " ind2=" ">
    <subfield code="a">ax</subfield>
  </datafield>
  <datafield tag="991" ind1=" " ind2=" ">
    <subfield code="b">c-LL</subfield>
    <subfield code="h">LAW TURKEY 7 Cosk 1978</subfield>
    <subfield code="t">Copy 1</subfield>
    <subfield code="w">BOOKS</subfield>
  </datafield>
</record>