
<record>
  <leader>02495cam a2200385 a 4500</leader>
  <controlfield tag="001">1536787</controlfield>
  <controlfield tag="005">20200103171923.0</controlfield>
  <controlfield tag="008">901221s1901    fr a          000 1 fre  </controlfield>
  <datafield tag="906" ind1=" " ind2=" ">
    <subfield code="a">7</subfield>
    <subfield code="b">cbc</subfield>
    <subfield code="c">orignew</subfield>
    <subfield code="d">2</subfield>
    <subfield code="e">ncip</subfield>
    <subfield code="f">19</subfield>
    <subfield code="g">y-gencatlg</subfield>
  </datafield>
  <datafield tag="955" ind1=" " ind2=" ">
    <subfield code="a">qr02 input 12-21-90; sent to SpecMat 01-08-91; vj05 01-09-91; fd11 01-30-91; fp04 03-22-91</subfield>
  </datafield>
  <datafield tag="035" ind1=" " ind2=" ">
    <subfield code="9">(DLC)   90230504</subfield>
  </datafield>
  <datafield tag="010" ind1=" " ind2=" ">
    <subfield code="a">   90230504 </subfield>
  </datafield>
  <datafield tag="040" ind1=" " ind2=" ">
    <subfield code="a">DLC</subfield>
    <subfield code="c">DLC</subfield>
  </datafield>
  <datafield tag="050" ind1="0" ind2="0">
    <subfield code="a">PQ2497</subfield>
    <subfield code="b">.A5 1901</subfield>
  </datafield>
  <datafield tag="082" ind1="0" ind2="0">
    <subfield code="a">843/.8</subfield>
    <subfield code="2">20</subfield>
  </datafield>
  <datafield tag="100" ind1="1" ind2=" ">
    <subfield code="a">Zola, Emile,</subfield>
    <subfield code="d">1840-1902.</subfield>
  </datafield>
  <datafield tag="245" ind1="1" ind2="2">
    <subfield code="a">L&apos;attaque du moulin /</subfield>
    <subfield code="c">Emile Zola ; compositions de Emile Boutigny, gravures à l&apos;eau-forte et en couleurs par Claude Faivre.</subfield>
  </datafield>
  <datafield tag="260" ind1=" " ind2=" ">
    <subfield code="a">Paris :</subfield>
    <subfield code="b">Libr. de la Collection des dix,</subfield>
    <subfield code="c">1901</subfield>
    <subfield code="e">(Evreux :</subfield>
    <subfield code="f">Ch. Hérissey)</subfield>
  </datafield>
  <datafield tag="300" ind1=" " ind2=" ">
    <subfield code="a">90 p. :</subfield>
    <subfield code="b">col. ill. ;</subfield>
    <subfield code="c">26 cm.</subfield>
  </datafield>
  <datafield tag="440" ind1=" " ind2="0">
    <subfield code="a">Collection des dix</subfield>
  </datafield>
  <datafield tag="500" ind1=" " ind2=" ">
    <subfield code="a">&quot;Tirage limité à 300 exemplaires numérotés à la presse savoir: 20 exemplaires sur papier Japon vieux contenant 4 états des planches texte et hors texte et la décomposition des couleurs d&apos;une planche; 20 exemplaires sur papier de Chine fort, contenant 4 états des planches texte et hors texte et la décomposition des couleurs d&apos;une planche; 20 exemplaires sur papier vélin d&apos;Arches, comme ci-dessus les Chine; 45 exemplaires sur papier vélin d&apos;Arches, contenant 3 états des planches texte et hors texte et la décomposition des couleurs d&apos;une planche; 20 exemplaires sur papier vélin d&apos;Arches, contenant 2 états des planches texte et hors texte et la décomposition des couleurs d&apos;une planche; 175 exemplaires sur papier vélin d&apos;Arches, contenant l&apos;état avec lettre des planches texte et hors texte&quot;--Verso of half title.</subfield>
  </datafield>
  <datafield tag="500" ind1=" " ind2=" ">
    <subfield code="a">Includes added half title: L&apos;attaque du moulin, livre d&apos;amateur, preceded by relief plate (for another ed.?). Cf. NUC.</subfield>
  </datafield>
  <datafield tag="510" ind1="4" ind2=" ">
    <subfield code="a">NUC pre-1956,</subfield>
    <subfield code="c">NZ 0053961</subfield>
  </datafield>
  <datafield tag="500" ind1=" " ind2=" ">
    <subfield code="a">LC has copy no. 162 of the issue of 175, bound, with the original illustrated paper wrappers.</subfield>
    <subfield code="5">DLC</subfield>
  </datafield>
  <datafield tag="500" ind1=" " ind2=" ">
    <subfield code="a">Source: Purchase from Israel Perlstein, Mar. 24, 1931 (DLC #409629, 1931).</subfield>
    <subfield code="5">DLC</subfield>
  </datafield>
  <datafield tag="700" ind1="1" ind2=" ">
    <subfield code="a">Boutigny, Paul-Emile,</subfield>
    <subfield code="d">1854-1929.</subfield>
  </datafield>
  <datafield tag="700" ind1="1" ind2=" ">
    <subfield code="a">Faivre, Claude.</subfield>
  </datafield>
  <datafield tag="710" ind1="2" ind2=" ">
    <subfield code="a">Russian Imperial Collection (Library of Congress)</subfield>
    <subfield code="5">DLC</subfield>
  </datafield>
  <datafield tag="922" ind1=" " ind2=" ">
    <subfield code="a">ap</subfield>
  </datafield>
  <datafield tag="952" ind1=" " ind2=" ">
    <subfield code="a">LAC sba 2019-12-05 no edits (4 cards)</subfield>
  </datafield>
  <datafield tag="952" ind1=" " ind2=" ">
    <subfield code="a">LAC ecr 2020-01-03 review</subfield>
  </datafield>
  <datafield tag="984" ind1=" " ind2=" ">
    <subfield code="a">rsl</subfield>
    <subfield code="d">2019-12-05</subfield>
  </datafield>
  <datafield tag="985" ind1=" " ind2=" ">
    <subfield code="a">rblacfederal</subfield>
    <subfield code="d">20191205</subfield>
  </datafield>
  <datafield tag="985" ind1=" " ind2=" ">
    <subfield code="e">RBC</subfield>
  </datafield>
  <datafield tag="991" ind1=" " ind2=" ">
    <subfield code="b">c-RareBook</subfield>
    <subfield code="h">PQ2497</subfield>
    <subfield code="i">.A5 1901</subfield>
    <subfield code="t">Copy 1</subfield>
    <subfield code="m">Russian Imperial Coll</subfield>
    <subfield code="w">BOOKS</subfield>
  </datafield>
</record>