
<record>
  <leader>01318cam a22003011i 4500</leader>
  <controlfield tag="001">2230415</controlfield>
  <controlfield tag="005">20200103120013.0</controlfield>
  <controlfield tag="008">801010s1973    tu       b    101 0 tur  </controlfield>
  <datafield tag="906" ind1=" " ind2=" ">
    <subfield code="a">7</subfield>
    <subfield code="b">cbc</subfield>
    <subfield code="c">orignew</subfield>
    <subfield code="d">u</subfield>
    <subfield code="e">ncip</subfield>
    <subfield code="f">19</subfield>
    <subfield code="g">y-gencatlg</subfield>
  </datafield>
  <datafield tag="955" ind1=" " ind2=" ">
    <subfield code="a">reclass ll36 2020-01-03</subfield>
  </datafield>
  <datafield tag="035" ind1=" " ind2=" ">
    <subfield code="9">(DLC)   75587931</subfield>
  </datafield>
  <datafield tag="010" ind1=" " ind2=" ">
    <subfield code="a">   75587931 </subfield>
  </datafield>
  <datafield tag="040" ind1=" " ind2=" ">
    <subfield code="a">DLC</subfield>
    <subfield code="c">DLC</subfield>
    <subfield code="d">DLC</subfield>
  </datafield>
  <datafield tag="043" ind1=" " ind2=" ">
    <subfield code="a">a-tu---</subfield>
  </datafield>
  <datafield tag="050" ind1="0" ind2="0">
    <subfield code="a">KKX3800</subfield>
    <subfield code="b">.C49 1973</subfield>
  </datafield>
  <datafield tag="111" ind1="2" ind2=" ">
    <subfield code="a">Ceza Adalet Reformu İlkeleri Sempozyumu,</subfield>
    <subfield code="n">2d,</subfield>
    <subfield code="c">İstanbul,</subfield>
    <subfield code="d">1973.</subfield>
  </datafield>
  <datafield tag="245" ind1="0" ind2="0">
    <subfield code="a">Ceza Adaleti Reformunun İlkeleri Sempozyumu II :</subfield>
    <subfield code="b">kanun yolları, 26-28 Nisan 1973 : raporlar, tartışmalar.</subfield>
  </datafield>
  <datafield tag="260" ind1=" " ind2=" ">
    <subfield code="a">İstanbul :</subfield>
    <subfield code="b">İstanbul Üniversitesi, Hukuk Fakültesi,</subfield>
    <subfield code="c">1973.</subfield>
  </datafield>
  <datafield tag="300" ind1=" " ind2=" ">
    <subfield code="a">xii, 311 p. ;</subfield>
    <subfield code="c">24 cm.</subfield>
  </datafield>
  <datafield tag="490" ind1="1" ind2=" ">
    <subfield code="a">Yayın - Ceza Hukuku ve Kriminoloji Enstitüsü ; no. 17</subfield>
  </datafield>
  <datafield tag="490" ind1="1" ind2=" ">
    <subfield code="a">Yayın - Hukuk Fakültesi ; no. 415</subfield>
  </datafield>
  <datafield tag="490" ind1="0" ind2=" ">
    <subfield code="a">Yayın - İstanbul Üniversitesi ; no. 1866</subfield>
  </datafield>
  <datafield tag="504" ind1=" " ind2=" ">
    <subfield code="a">Includes bibliographies and index.</subfield>
  </datafield>
  <datafield tag="650" ind1=" " ind2="0">
    <subfield code="a">Criminal law</subfield>
    <subfield code="z">Turkey.</subfield>
  </datafield>
  <datafield tag="740" ind1="0" ind2=" ">
    <subfield code="a">Kanun yolları, 26-28 Nisan 1973.</subfield>
  </datafield>
  <datafield tag="830" ind1=" " ind2="0">
    <subfield code="a">İstanbul Üniversitesi yayınları.</subfield>
    <subfield code="p">Hukuk Fakültesi yayınları.</subfield>
    <subfield code="p">Ceza Hukuku ve Kriminoloji Enstitüsü ;</subfield>
    <subfield code="v">no. 17.</subfield>
  </datafield>
  <datafield tag="830" ind1=" " ind2="0">
    <subfield code="a">İstanbul Üniversitesi yayınları.</subfield>
    <subfield code="p">Hukuk Fakültesi yayınları ;</subfield>
    <subfield code="v">no. 415.</subfield>
  </datafield>
  <datafield tag="991" ind1=" " ind2=" ">
    <subfield code="b">c-LL</subfield>
    <subfield code="h">LAW</subfield>
    <subfield code="t">Copy 1</subfield>
    <subfield code="w">BOOKS</subfield>
  </datafield>
</record>