
<record>
  <leader>01925cam a2200301 a 4500</leader>
  <controlfield tag="001">2379375</controlfield>
  <controlfield tag="005">20200103124944.0</controlfield>
  <controlfield tag="008">840822s1963    sz a          000 0 fre  </controlfield>
  <datafield tag="906" ind1=" " ind2=" ">
    <subfield code="a">7</subfield>
    <subfield code="b">cbc</subfield>
    <subfield code="c">orignew</subfield>
    <subfield code="d">2</subfield>
    <subfield code="e">ncip</subfield>
    <subfield code="f">19</subfield>
    <subfield code="g">y-gencatlg</subfield>
  </datafield>
  <datafield tag="035" ind1=" " ind2=" ">
    <subfield code="9">(DLC)   84203381</subfield>
  </datafield>
  <datafield tag="010" ind1=" " ind2=" ">
    <subfield code="a">   84203381 </subfield>
  </datafield>
  <datafield tag="040" ind1=" " ind2=" ">
    <subfield code="a">DLC</subfield>
    <subfield code="b">eng</subfield>
    <subfield code="c">DLC</subfield>
    <subfield code="d">DLC</subfield>
  </datafield>
  <datafield tag="050" ind1="0" ind2="0">
    <subfield code="a">PQ2605.H3345</subfield>
    <subfield code="b">L4 1963</subfield>
  </datafield>
  <datafield tag="082" ind1="0" ind2="0">
    <subfield code="a">841/.912</subfield>
    <subfield code="2">19</subfield>
  </datafield>
  <datafield tag="100" ind1="1" ind2=" ">
    <subfield code="a">Char, René,</subfield>
    <subfield code="d">1907-1988.</subfield>
  </datafield>
  <datafield tag="245" ind1="1" ind2="0">
    <subfield code="a">Lettera amorosa /</subfield>
    <subfield code="c">René Char ; [lithographies par] Georges Braque.</subfield>
  </datafield>
  <datafield tag="260" ind1=" " ind2=" ">
    <subfield code="a">[Geneva] :</subfield>
    <subfield code="b">Edwin Engelberts,</subfield>
    <subfield code="c">[1963]</subfield>
  </datafield>
  <datafield tag="300" ind1=" " ind2=" ">
    <subfield code="a">55, [4] p. :</subfield>
    <subfield code="b">col. ill ;</subfield>
    <subfield code="c">33 cm.</subfield>
  </datafield>
  <datafield tag="500" ind1=" " ind2=" ">
    <subfield code="a">&quot;Tirage à 200 exemplaires sur Rives. Les exemplaires numérotés de 1 à 20 sont accompagnés de deux suites des lithographies, l&apos;une sur Japon nacré et l&apos;autre sur Japon Misumi; les exemplaires numérot́es de 21 à 50 sont accompagnés d&apos;une suite sur Japon nacré ... En outre, il a été tiré hors commerce 20 exemplaires numérotés de I à XX, 7 exemplaires nominatifs et 3 exemplaires numérotés de 0 à 000 pour le dépot légal ... Des estampes sur Arches ont été tirées à part ... Tous les exemplaires sont signés par le poète et par le peintre&quot;--P. [59]</subfield>
  </datafield>
  <datafield tag="500" ind1=" " ind2=" ">
    <subfield code="a">&quot;Achevé d&apos;imprimer le jeudi 21 mars 1963 à Paris, sur les presses de l&apos;imprimerie Union pour la typographie et sur celles de Mourlot pour les lithographies originales&quot;--P. [59]</subfield>
  </datafield>
  <datafield tag="510" ind1="4" ind2=" ">
    <subfield code="a">Mourlot, F.  Braque lithographe,</subfield>
    <subfield code="c">p. 170.</subfield>
  </datafield>
  <datafield tag="590" ind1=" " ind2=" ">
    <subfield code="a">LC has copy no. 4: loose quires in a printed paper cover, in a case (35 cm.) together  with the 2 suites each consisting of 26 lithographs (1 folded) in an illustrated paper portfolio.</subfield>
  </datafield>
  <datafield tag="700" ind1="1" ind2=" ">
    <subfield code="a">Braque, Georges,</subfield>
    <subfield code="d">1882-1963.</subfield>
  </datafield>
  <datafield tag="952" ind1=" " ind2=" ">
    <subfield code="a">LAC sba 2020-01-02 update (1 card)</subfield>
  </datafield>
  <datafield tag="984" ind1=" " ind2=" ">
    <subfield code="a">rsl</subfield>
    <subfield code="d">2020-01-02</subfield>
  </datafield>
  <datafield tag="985" ind1=" " ind2=" ">
    <subfield code="a">rblacfederal</subfield>
    <subfield code="d">20200102</subfield>
  </datafield>
  <datafield tag="987" ind1=" " ind2=" ">
    <subfield code="b">RBSCDRECON</subfield>
    <subfield code="c">20200102</subfield>
    <subfield code="d">r</subfield>
  </datafield>
  <datafield tag="991" ind1=" " ind2=" ">
    <subfield code="b">c-RareBook</subfield>
    <subfield code="h">PQ2605.H3345</subfield>
    <subfield code="i">L4 1963</subfield>
    <subfield code="t">Copy 1</subfield>
    <subfield code="w">BOOKS</subfield>
  </datafield>
</record>