
<record>
  <leader>03483cam a2200481 a 4500</leader>
  <controlfield tag="001">2642876</controlfield>
  <controlfield tag="005">20200103082454.0</controlfield>
  <controlfield tag="008">820928m19589999gw a     b    001 0 ger  </controlfield>
  <datafield tag="906" ind1=" " ind2=" ">
    <subfield code="a">7</subfield>
    <subfield code="b">cbc</subfield>
    <subfield code="c">orignew</subfield>
    <subfield code="d">1</subfield>
    <subfield code="e">ocip</subfield>
    <subfield code="f">19</subfield>
    <subfield code="g">y-gencatlg</subfield>
  </datafield>
  <datafield tag="925" ind1="0" ind2=" ">
    <subfield code="a">acquire</subfield>
    <subfield code="b">1 shelf copy</subfield>
    <subfield code="x">policy default</subfield>
  </datafield>
  <datafield tag="955" ind1=" " ind2=" ">
    <subfield code="a">Bd. 15 to HLCD of17 2002-05-15</subfield>
    <subfield code="c">ld99 2002-06-04 (v. 15, pt. 1)</subfield>
    <subfield code="e">ld11 2002-07-02 to BCCD; Bd.15/2 of04 2007-1-30 to HLCD;</subfield>
    <subfield code="c">ld17 2007-02-15 (v. 15, pt. 2 added)</subfield>
    <subfield code="e">ld17 2007-02-15 to BCCD</subfield>
    <subfield code="a">Bd. 25 fd09 2009-3-19</subfield>
    <subfield code="a">fd10 2018-11-06 v. 26, no. 1-2</subfield>
    <subfield code="c">fd07 2018-11-07 v. 26, pt. 1, text &amp; v. 26, pt. 2, text added</subfield>
    <subfield code="a">fd10 2019-12-17 v. 26, no. 1 Kommentar to GS/GER</subfield>
    <subfield code="c">fd12 2020-01-03 (v. 26, pt. 1, Kommentar)</subfield>
  </datafield>
  <datafield tag="010" ind1=" " ind2=" ">
    <subfield code="a">   66034437 </subfield>
  </datafield>
  <datafield tag="020" ind1=" " ind2=" ">
    <subfield code="a">3506778153 (v. 15, pt. 1 : alk. paper)</subfield>
  </datafield>
  <datafield tag="020" ind1=" " ind2=" ">
    <subfield code="a">9783506713629 (v. 15, pt. 2 : alk. paper)</subfield>
  </datafield>
  <datafield tag="020" ind1=" " ind2=" ">
    <subfield code="a">3506713620 (v. 15, pt. 2 : alk. paper)</subfield>
  </datafield>
  <datafield tag="020" ind1=" " ind2=" ">
    <subfield code="a">9783506778260 (v. 26, pt. 1 : text)</subfield>
  </datafield>
  <datafield tag="020" ind1=" " ind2=" ">
    <subfield code="a">9783506792402 (v. 26, pt. 1 : Kommentar)</subfield>
  </datafield>
  <datafield tag="020" ind1=" " ind2=" ">
    <subfield code="a">9783506786562 (v. 26, pt. 2 : text)</subfield>
  </datafield>
  <datafield tag="035" ind1=" " ind2=" ">
    <subfield code="a">(OCoLC)ocm01407191</subfield>
  </datafield>
  <datafield tag="040" ind1=" " ind2=" ">
    <subfield code="a">DLC</subfield>
    <subfield code="b">eng</subfield>
    <subfield code="c">DLC</subfield>
    <subfield code="d">DLC</subfield>
  </datafield>
  <datafield tag="041" ind1="0" ind2=" ">
    <subfield code="a">ger</subfield>
    <subfield code="a">fre</subfield>
  </datafield>
  <datafield tag="042" ind1=" " ind2=" ">
    <subfield code="a">pcc</subfield>
  </datafield>
  <datafield tag="050" ind1="0" ind2="0">
    <subfield code="a">PT2503</subfield>
    <subfield code="b">.S6 1958</subfield>
  </datafield>
  <datafield tag="082" ind1="0" ind2="0">
    <subfield code="a">838/.609</subfield>
    <subfield code="2">19</subfield>
  </datafield>
  <datafield tag="100" ind1="1" ind2=" ">
    <subfield code="a">Schlegel, Friedrich von,</subfield>
    <subfield code="d">1772-1829.</subfield>
  </datafield>
  <datafield tag="240" ind1="1" ind2="0">
    <subfield code="a">Works.</subfield>
    <subfield code="d">1958</subfield>
  </datafield>
  <datafield tag="245" ind1="1" ind2="0">
    <subfield code="a">Kritische Friedrich-Schlegel-Ausgabe /</subfield>
    <subfield code="c">herausgegeben von Ernst Behler ; unter Mitwirkung von Hans Eichner und Jean-Jacques Anstett.</subfield>
  </datafield>
  <datafield tag="246" ind1="1" ind2=" ">
    <subfield code="i">Title of v. 15, pt. 2 on jacket:</subfield>
    <subfield code="a">Kölner Vorlesungen</subfield>
  </datafield>
  <datafield tag="260" ind1=" " ind2=" ">
    <subfield code="3">&lt;v. 11&gt;:</subfield>
    <subfield code="a">München :</subfield>
    <subfield code="b">F. Schöningh ;</subfield>
    <subfield code="a">Zürich :</subfield>
    <subfield code="b">Thomas-Verlag,</subfield>
    <subfield code="c">&lt;1958-2019&gt;</subfield>
  </datafield>
  <datafield tag="260" ind1="2" ind2=" ">
    <subfield code="3">&lt;v. 15, pts. 1-2&gt;:</subfield>
    <subfield code="a">Paderborn :</subfield>
    <subfield code="b">F. Schöningh ;</subfield>
    <subfield code="a">Zürich :</subfield>
    <subfield code="b">Thomas-Verlag</subfield>
  </datafield>
  <datafield tag="260" ind1="3" ind2=" ">
    <subfield code="3">&lt;v. 26, pts. 1-2&gt;:</subfield>
    <subfield code="a">Paderborn :</subfield>
    <subfield code="b">F. Schöningh</subfield>
  </datafield>
  <datafield tag="300" ind1=" " ind2=" ">
    <subfield code="a">v. &lt;v. 2-14; v. 15, pts. 1-2; v. 17-24; v. 26, pt. 1, text; v. 26, pt. 1, Kommentar; v. 26, pt. 1, Kommentar; pt. 2, text; v. 29, 35; in 28&gt; :</subfield>
    <subfield code="b">ill. ;</subfield>
    <subfield code="c">24 cm.</subfield>
  </datafield>
  <datafield tag="546" ind1=" " ind2=" ">
    <subfield code="a">German and French.</subfield>
  </datafield>
  <datafield tag="500" ind1=" " ind2=" ">
    <subfield code="a">Vol. &lt;15, pts. 1-2&gt; &quot;begründet und herausgegeben von Ernst Behler ; unter Mitwirkung von Jean-Jacques Anstett und Hans Eichner ; fortgeführt von Andreas Arndt&quot;; v. &lt;26, pts. 1-2&gt; &quot;begründet von Ernst Behler ; fortgeführt von Andreas Arndt ; herausgegeben von Ulrich Breuer.&quot;</subfield>
  </datafield>
  <datafield tag="504" ind1=" " ind2=" ">
    <subfield code="a">Includes bibliographical references and indexes.</subfield>
  </datafield>
  <datafield tag="505" ind1="1" ind2=" ">
    <subfield code="a">2. Abt. Schriften aus dem Nachlass. 11. Bd. Wissenchaft der europäischen Literatur : Vorlesungen, Aufsätze und Fragmente aus der Zeit von 1795-1804 / Friedrich Schlegel ; mit Einleitung and Kommentar herausgegeben von Ernst Behler    15. Bd. Vorlesungen und Fragmente zur Literatur / Friedrich Schlegel. 1. T. Orientalia / mit Einleitung and Kommentar herausgegeben von Ursula Struc-Oppenberg. 2. T. Über deutsche Sprache und Literatur (1807) / mit Einleitung and Kommentar herausgegeben von Hans Dierkes    -- 3. Abt. Briefe von und an Friedrich und Dorothea Schlegel. 26. Bd. Pariser und Kölner Lebensjahre (1802-1808) / Friedrich und Dorothea Schlegel. 1. -2. T. (Juni 1802-Dezember 1805) : Text / herausgegeben von Hans Dierkes ; unter Mitarbeit von Almuth Dierkes. 2. T. (Januar 1806-Juni 1808) : Text / mit Apparat und Bandbericht herausgegeben von Barbara Otto</subfield>
  </datafield>
  <datafield tag="700" ind1="1" ind2=" ">
    <subfield code="a">Behler, Ernst,</subfield>
    <subfield code="d">1928-</subfield>
  </datafield>
  <datafield tag="700" ind1="1" ind2=" ">
    <subfield code="a">Anstett, Jean Jacques.</subfield>
  </datafield>
  <datafield tag="700" ind1="1" ind2=" ">
    <subfield code="a">Eichner, Hans.</subfield>
  </datafield>
  <datafield tag="700" ind1="1" ind2=" ">
    <subfield code="a">Arndt, Andreas.</subfield>
  </datafield>
  <datafield tag="700" ind1="1" ind2=" ">
    <subfield code="a">Breuer, Ulrich.</subfield>
  </datafield>
  <datafield tag="923" ind1=" " ind2=" ">
    <subfield code="d">2002-02-05</subfield>
    <subfield code="n">170590</subfield>
    <subfield code="s">93001286</subfield>
  </datafield>
  <datafield tag="991" ind1=" " ind2=" ">
    <subfield code="b">c-GenColl</subfield>
    <subfield code="h">PT2503</subfield>
    <subfield code="i">.S6 1958</subfield>
    <subfield code="t">Copy 1</subfield>
    <subfield code="w">BOOKS</subfield>
  </datafield>
</record>