
<record>
  <leader>01331cam a2200301 a 4500</leader>
  <controlfield tag="001">2835544</controlfield>
  <controlfield tag="005">20200103154741.0</controlfield>
  <controlfield tag="008">831026s1983    ru       b    001 0 ruso </controlfield>
  <datafield tag="906" ind1=" " ind2=" ">
    <subfield code="a">7</subfield>
    <subfield code="b">cbc</subfield>
    <subfield code="c">orignew</subfield>
    <subfield code="d">2</subfield>
    <subfield code="e">ncip</subfield>
    <subfield code="f">19</subfield>
    <subfield code="g">y-gencatlg</subfield>
  </datafield>
  <datafield tag="010" ind1=" " ind2=" ">
    <subfield code="a">   83218997 </subfield>
  </datafield>
  <datafield tag="020" ind1=" " ind2=" ">
    <subfield code="c">2.50rub</subfield>
  </datafield>
  <datafield tag="035" ind1=" " ind2=" ">
    <subfield code="9">(DLC)   83218997</subfield>
  </datafield>
  <datafield tag="040" ind1=" " ind2=" ">
    <subfield code="a">DLC</subfield>
    <subfield code="c">DLC</subfield>
    <subfield code="d">DLC</subfield>
  </datafield>
  <datafield tag="050" ind1="0" ind2="0">
    <subfield code="a">PN1995.9.P7</subfield>
    <subfield code="b">K62 1982 vol. 2</subfield>
    <subfield code="a">PN1993.5.S65</subfield>
  </datafield>
  <datafield tag="082" ind1="0" ind2="0">
    <subfield code="a">791.43/023/0947 s</subfield>
    <subfield code="a">791.43/023/0947</subfield>
    <subfield code="2">19</subfield>
  </datafield>
  <datafield tag="100" ind1="1" ind2=" ">
    <subfield code="a">Kozint︠s︡ev, Grigoriĭ.</subfield>
  </datafield>
  <datafield tag="240" ind1="1" ind2="0">
    <subfield code="a">Essays.</subfield>
    <subfield code="k">Selections</subfield>
  </datafield>
  <datafield tag="245" ind1="0" ind2="0">
    <subfield code="a">Kritiko-publit︠s︡isticheskie statʹi i vystuplenii︠a︡ ; Zametki ob iskusstve i li︠u︡di︠a︡kh iskusstva /</subfield>
    <subfield code="c">Grigoriĭ Kozint︠s︡ev.</subfield>
  </datafield>
  <datafield tag="260" ind1=" " ind2=" ">
    <subfield code="a">Leningrad :</subfield>
    <subfield code="b">&quot;Iskusstvo,&quot; Leningradskoe otd-nie,</subfield>
    <subfield code="c">1983.</subfield>
  </datafield>
  <datafield tag="300" ind1=" " ind2=" ">
    <subfield code="a">527 p. ;</subfield>
    <subfield code="c">21 cm.</subfield>
  </datafield>
  <datafield tag="490" ind1="1" ind2=" ">
    <subfield code="a">Sobranie sochineniĭ v pi︠a︡ti tomakh / Grigoriĭ Kozint︠s︡ev ;</subfield>
    <subfield code="v">2</subfield>
  </datafield>
  <datafield tag="504" ind1=" " ind2=" ">
    <subfield code="a">Includes bibliographical references and indexes.</subfield>
  </datafield>
  <datafield tag="650" ind1=" " ind2="0">
    <subfield code="a">Motion pictures</subfield>
    <subfield code="z">Soviet Union.</subfield>
  </datafield>
  <datafield tag="650" ind1=" " ind2="0">
    <subfield code="a">Motion picture plays</subfield>
    <subfield code="x">History and criticism.</subfield>
  </datafield>
  <datafield tag="740" ind1="0" ind2=" ">
    <subfield code="a">Kritiko-publit︠s︡isticheskie statʹi i vystuplenii︠a︡.</subfield>
  </datafield>
  <datafield tag="740" ind1="0" ind2=" ">
    <subfield code="a">Zametki ob iskusstve i li︠u︡di︠a︡kh iskusstva.</subfield>
  </datafield>
  <datafield tag="800" ind1="1" ind2=" ">
    <subfield code="a">Kozint︠s︡ev, Grigoriĭ.</subfield>
    <subfield code="t">Works.</subfield>
    <subfield code="k">Selections.</subfield>
    <subfield code="f">1982 ;</subfield>
    <subfield code="v">2.</subfield>
  </datafield>
  <datafield tag="991" ind1=" " ind2=" ">
    <subfield code="b">c-GenColl</subfield>
    <subfield code="h">PN1995.9.P7</subfield>
    <subfield code="i">K62 1982 vol. 2</subfield>
    <subfield code="t">Copy 1</subfield>
    <subfield code="w">BOOKS</subfield>
  </datafield>
</record>