
<record>
  <leader>01235cam a2200265 a 4500</leader>
  <controlfield tag="001">2869718</controlfield>
  <controlfield tag="005">20200103155241.0</controlfield>
  <controlfield tag="008">860714s1984    un a     b    000 0 ruso </controlfield>
  <datafield tag="906" ind1=" " ind2=" ">
    <subfield code="a">7</subfield>
    <subfield code="b">cbc</subfield>
    <subfield code="c">orignew</subfield>
    <subfield code="d">4</subfield>
    <subfield code="e">ncip</subfield>
    <subfield code="f">19</subfield>
    <subfield code="g">y-gencatlg</subfield>
  </datafield>
  <datafield tag="010" ind1=" " ind2=" ">
    <subfield code="a">   85204247 </subfield>
  </datafield>
  <datafield tag="020" ind1=" " ind2=" ">
    <subfield code="c">0.34rub</subfield>
  </datafield>
  <datafield tag="035" ind1=" " ind2=" ">
    <subfield code="9">(DLC)   85204247</subfield>
  </datafield>
  <datafield tag="040" ind1=" " ind2=" ">
    <subfield code="a">DLC</subfield>
    <subfield code="c">DLC</subfield>
    <subfield code="d">DLC</subfield>
  </datafield>
  <datafield tag="050" ind1="0" ind2="0">
    <subfield code="a">TK5105.7</subfield>
    <subfield code="b">.L67 1984</subfield>
  </datafield>
  <datafield tag="245" ind1="0" ind2="0">
    <subfield code="a">Lokalʹnye i raspredelennye sistemy obrabotiki dannykh :</subfield>
    <subfield code="b">sbornik nauchnkh trudov /</subfield>
    <subfield code="c">[redakt︠s︡ionnai︠a︡ kollegii︠a︡, A.I. Nikitin (otv. red.) ... et al.].</subfield>
  </datafield>
  <datafield tag="260" ind1=" " ind2=" ">
    <subfield code="a">Kiev :</subfield>
    <subfield code="b">In-t kibernetiki im. V.M. Glushkova AN USSR,</subfield>
    <subfield code="c">1984.</subfield>
  </datafield>
  <datafield tag="300" ind1=" " ind2=" ">
    <subfield code="a">78 p. :</subfield>
    <subfield code="b">ill. ;</subfield>
    <subfield code="c">20 cm.</subfield>
  </datafield>
  <datafield tag="500" ind1=" " ind2=" ">
    <subfield code="a">At head of title: Akademii︠a︡ nauk Ukrainskoĭ SSR. Nauchnyĭ sovet po probleme &quot;Kibernetika.&quot; Ordena Lenina Institut kibernetiki imeni V.M. Glushkova.</subfield>
  </datafield>
  <datafield tag="504" ind1=" " ind2=" ">
    <subfield code="a">Includes bibliographies.</subfield>
  </datafield>
  <datafield tag="650" ind1=" " ind2="0">
    <subfield code="a">Local area networks (Computer networks)</subfield>
  </datafield>
  <datafield tag="650" ind1=" " ind2="0">
    <subfield code="a">Electronic data processing</subfield>
    <subfield code="x">Distributed processing.</subfield>
  </datafield>
  <datafield tag="700" ind1="1" ind2=" ">
    <subfield code="a">Nikitin, A. I.</subfield>
    <subfield code="q">(Andreĭ Ivanovich)</subfield>
  </datafield>
  <datafield tag="710" ind1="2" ind2=" ">
    <subfield code="a">Naukova rada z kibernetyky (Akademii︠a︡ nauk Ukraïnsʹkoï RSR)</subfield>
  </datafield>
  <datafield tag="710" ind1="2" ind2=" ">
    <subfield code="a">Institut kibernetiki im. V.M. Glushkova.</subfield>
  </datafield>
  <datafield tag="991" ind1=" " ind2=" ">
    <subfield code="b">c-GenColl</subfield>
    <subfield code="h">TK5105.7</subfield>
    <subfield code="i">.L67 1984</subfield>
    <subfield code="t">Copy 1</subfield>
    <subfield code="w">BOOKS</subfield>
  </datafield>
</record>