
<record>
  <leader>01332cam a22002531  4500</leader>
  <controlfield tag="001">3106725</controlfield>
  <controlfield tag="005">20200103081534.0</controlfield>
  <controlfield tag="008">860707s1640    gw            000 0 lat  </controlfield>
  <datafield tag="906" ind1=" " ind2=" ">
    <subfield code="a">7</subfield>
    <subfield code="b">cbc</subfield>
    <subfield code="c">orignew</subfield>
    <subfield code="d">u</subfield>
    <subfield code="e">ocip</subfield>
    <subfield code="f">19</subfield>
    <subfield code="g">y-gencatlg</subfield>
  </datafield>
  <datafield tag="035" ind1=" " ind2=" ">
    <subfield code="9">(DLC)   02024796</subfield>
  </datafield>
  <datafield tag="010" ind1=" " ind2=" ">
    <subfield code="a">   02024796 </subfield>
  </datafield>
  <datafield tag="040" ind1=" " ind2=" ">
    <subfield code="a">DLC/ICU</subfield>
    <subfield code="c">ICU</subfield>
    <subfield code="d">DLC</subfield>
  </datafield>
  <datafield tag="050" ind1="0" ind2="0">
    <subfield code="a">Z126</subfield>
    <subfield code="b">.M25</subfield>
  </datafield>
  <datafield tag="100" ind1="1" ind2=" ">
    <subfield code="a">Mallinckrodt, Bernard von,</subfield>
    <subfield code="d">1591-1664.</subfield>
  </datafield>
  <datafield tag="245" ind1="1" ind2="0">
    <subfield code="a">De ortv ac progressv artis typographicæ.</subfield>
    <subfield code="b">Dissertatio historica, in qva præter alia pleraque ad calcographices negocivm spectantia de avctoribvs et loco inuentionis præcipuè inquiritur, proqve Mogvntinis contra Harlemenses concluditur:</subfield>
    <subfield code="c">a Bernardo a Mallinkrot ...</subfield>
  </datafield>
  <datafield tag="260" ind1=" " ind2=" ">
    <subfield code="a">Coloniæ Agrippinæ,</subfield>
    <subfield code="b">apud I. Kinchivm,</subfield>
    <subfield code="c">1640.</subfield>
  </datafield>
  <datafield tag="300" ind1=" " ind2=" ">
    <subfield code="a">11 p.l., 125, [2] p., 4 l.</subfield>
    <subfield code="c">21 cm.</subfield>
  </datafield>
  <datafield tag="500" ind1=" " ind2=" ">
    <subfield code="a">Added t.-p., engr., dated 1639.</subfield>
  </datafield>
  <datafield tag="500" ind1=" " ind2=" ">
    <subfield code="a">Enumerates 110 &quot;avctores, qvi pro Mogvntinis testantvr&quot;; 13 &quot;auctores qvi pro Harlemensibus testantur;&quot; 11 &quot;dubii et ambigvi qvi Harlemensium meminerunt.&quot;</subfield>
  </datafield>
  <datafield tag="500" ind1=" " ind2=" ">
    <subfield code="a">Reissued in Wolfʾs Monumenta typographica, Hamburgi, 1740, pars prima, p. 547-812.</subfield>
  </datafield>
  <datafield tag="650" ind1=" " ind2="0">
    <subfield code="a">Printing</subfield>
    <subfield code="x">History</subfield>
    <subfield code="x">Origin and antecedents.</subfield>
  </datafield>
  <datafield tag="710" ind1="2" ind2=" ">
    <subfield code="a">Pre-1801 Imprint Collection (Library of Congress)</subfield>
    <subfield code="5">DLC</subfield>
  </datafield>
  <datafield tag="985" ind1=" " ind2=" ">
    <subfield code="a">rarebk/pre1801</subfield>
    <subfield code="e">rbc</subfield>
    <subfield code="f">qr05 06-03-93</subfield>
  </datafield>
  <datafield tag="991" ind1=" " ind2=" ">
    <subfield code="b">c-RareBook</subfield>
    <subfield code="h">Z126</subfield>
    <subfield code="i">.M25</subfield>
    <subfield code="t">Copy 1</subfield>
    <subfield code="m">Pre-1801 Coll</subfield>
    <subfield code="w">BOOKS</subfield>
  </datafield>
</record>