
<record>
  <leader>01370cam a2200349 a 4500</leader>
  <controlfield tag="001">3352797</controlfield>
  <controlfield tag="005">20200103201452.0</controlfield>
  <controlfield tag="008">861126s1987    enk           000 0 eng  </controlfield>
  <datafield tag="906" ind1=" " ind2=" ">
    <subfield code="a">7</subfield>
    <subfield code="b">cbc</subfield>
    <subfield code="c">orignew</subfield>
    <subfield code="d">1</subfield>
    <subfield code="e">ocip</subfield>
    <subfield code="f">19</subfield>
    <subfield code="g">y-gencatlg</subfield>
  </datafield>
  <datafield tag="035" ind1=" " ind2=" ">
    <subfield code="9">(DLC)   86031206</subfield>
  </datafield>
  <datafield tag="010" ind1=" " ind2=" ">
    <subfield code="a">   86031206 </subfield>
  </datafield>
  <datafield tag="020" ind1=" " ind2=" ">
    <subfield code="a">0192820613 (pbk.) :</subfield>
    <subfield code="c">$10.50</subfield>
  </datafield>
  <datafield tag="040" ind1=" " ind2=" ">
    <subfield code="a">DLC</subfield>
    <subfield code="c">DLC</subfield>
    <subfield code="d">DLC</subfield>
  </datafield>
  <datafield tag="050" ind1="0" ind2="0">
    <subfield code="a">PR6009.N6</subfield>
    <subfield code="b">A17 1987</subfield>
  </datafield>
  <datafield tag="051" ind1=" " ind2=" ">
    <subfield code="a">PR6009.N6</subfield>
    <subfield code="b">A17 1987 Copy 2</subfield>
    <subfield code="c">Copy 2. Purchase, Nov. 30, 1987 (DLC #0172875).</subfield>
  </datafield>
  <datafield tag="082" ind1="0" ind2="0">
    <subfield code="a">821/.914</subfield>
    <subfield code="2">19</subfield>
  </datafield>
  <datafield tag="100" ind1="1" ind2=" ">
    <subfield code="a">Enright, D. J.</subfield>
    <subfield code="q">(Dennis Joseph),</subfield>
    <subfield code="d">1920-</subfield>
  </datafield>
  <datafield tag="240" ind1="1" ind2="0">
    <subfield code="a">Poems</subfield>
  </datafield>
  <datafield tag="245" ind1="1" ind2="0">
    <subfield code="a">Collected poems, 1987 /</subfield>
    <subfield code="c">D.J. Enright.</subfield>
  </datafield>
  <datafield tag="260" ind1=" " ind2=" ">
    <subfield code="a">Oxford [Oxfordshire] ;</subfield>
    <subfield code="a">New York :</subfield>
    <subfield code="b">Oxford University Press,</subfield>
    <subfield code="c">1987.</subfield>
  </datafield>
  <datafield tag="300" ind1=" " ind2=" ">
    <subfield code="a">xii, 368 p. ;</subfield>
    <subfield code="c">22 cm.</subfield>
  </datafield>
  <datafield tag="440" ind1=" " ind2="0">
    <subfield code="a">Oxford poets</subfield>
  </datafield>
  <datafield tag="490" ind1="0" ind2=" ">
    <subfield code="a">Oxford paperbacks</subfield>
  </datafield>
  <datafield tag="500" ind1=" " ind2=" ">
    <subfield code="a">Rev. and enl. ed. of: Collected poems. 1981.</subfield>
  </datafield>
  <datafield tag="856" ind1="4" ind2="2">
    <subfield code="3">Publisher description</subfield>
    <subfield code="u">http://www.loc.gov/catdir/enhancements/fy0636/86031206-d.html</subfield>
  </datafield>
  <datafield tag="856" ind1="4" ind2="2">
    <subfield code="3">Contributor biographical information</subfield>
    <subfield code="u">http://www.loc.gov/catdir/enhancements/fy0723/86031206-b.html</subfield>
  </datafield>
  <datafield tag="952" ind1=" " ind2=" ">
    <subfield code="a">LAC nsk 2020-01-03 no edits (1 card)</subfield>
  </datafield>
  <datafield tag="984" ind1=" " ind2=" ">
    <subfield code="a">rsl</subfield>
    <subfield code="d">2020-01-03</subfield>
  </datafield>
  <datafield tag="985" ind1=" " ind2=" ">
    <subfield code="a">rblacfederal</subfield>
    <subfield code="d">20200103</subfield>
  </datafield>
  <datafield tag="985" ind1=" " ind2=" ">
    <subfield code="a">rarebk/rbc</subfield>
    <subfield code="e">rbc</subfield>
    <subfield code="f">qr04 07-24-92</subfield>
  </datafield>
  <datafield tag="991" ind1=" " ind2=" ">
    <subfield code="b">c-GenColl</subfield>
    <subfield code="h">PR6009.N6</subfield>
    <subfield code="i">A17 1987</subfield>
    <subfield code="t">Copy 1</subfield>
    <subfield code="w">BOOKS</subfield>
  </datafield>
  <datafield tag="991" ind1=" " ind2=" ">
    <subfield code="b">c-RareBook</subfield>
    <subfield code="h">PR6009.N6</subfield>
    <subfield code="i">A17 1987</subfield>
    <subfield code="t">Copy 2</subfield>
    <subfield code="w">BOOKS</subfield>
  </datafield>
</record>