
<record>
  <leader>02242cam a2200433 a 4500</leader>
  <controlfield tag="001">3538774</controlfield>
  <controlfield tag="005">20200103120343.0</controlfield>
  <controlfield tag="008">961218m19959999gw       bl   001 0 ger  </controlfield>
  <datafield tag="906" ind1=" " ind2=" ">
    <subfield code="a">7</subfield>
    <subfield code="b">cbc</subfield>
    <subfield code="c">orignew</subfield>
    <subfield code="d">2</subfield>
    <subfield code="e">ncip</subfield>
    <subfield code="f">19</subfield>
    <subfield code="g">y-gencatlg</subfield>
  </datafield>
  <datafield tag="955" ind1=" " ind2=" ">
    <subfield code="a">rb07 12-18-96; rc05 03-21-97 to Cat; sg17 05-14-98; sg01 (desc./SL) 06-26-98</subfield>
    <subfield code="a">sf03 2006-09-05 v. 23 to Law</subfield>
    <subfield code="d">sg33 2006-10-25 added v. 23, T.bd. 2</subfield>
    <subfield code="c">sg33 2007-02-22 add. Bd. 23, T. 1</subfield>
    <subfield code="e">sg33 2007-02-22 to LL</subfield>
    <subfield code="c">sg52 2007-09-07 add. v. 17</subfield>
    <subfield code="e">sg52 2007-09-07 ; to LL;</subfield>
    <subfield code="a">Barcode 00180770501 returned from bindery 2009-12-11</subfield>
  </datafield>
  <datafield tag="955" ind1=" " ind2=" ">
    <subfield code="a">Bd. 17, Art. 70-73 to SSCD; Bd. 18 fd09 2009-3-19</subfield>
    <subfield code="c">fd04 2009-06-22 added Bd. 18; to BCCD; Bd.26 fd09 2009-11-23</subfield>
    <subfield code="c">xg06 2009-12-04 add. v. 26</subfield>
    <subfield code="e">xg06 2009-12-04 ; to LL</subfield>
    <subfield code="c">xg06 2013-09-17 add. v. 21</subfield>
    <subfield code="e">xg06 2013-09-17 to LL  to LL</subfield>
    <subfield code="c">xg06 2018-07-16 add. v. 22 to LL</subfield>
    <subfield code="c">xg06 2019-03-07 add. v. 14 to LL</subfield>
    <subfield code="a">fd10 2019-08-21 v. 24 to LL</subfield>
    <subfield code="c">xg06 2020-01-03 add. v. 11 to LL</subfield>
  </datafield>
  <datafield tag="010" ind1=" " ind2=" ">
    <subfield code="a">   96230926 </subfield>
    <subfield code="z">  2004373455</subfield>
  </datafield>
  <datafield tag="020" ind1=" " ind2=" ">
    <subfield code="a">3465027000 (set)</subfield>
  </datafield>
  <datafield tag="020" ind1=" " ind2=" ">
    <subfield code="a">9783465012504 (Bd. 11 : alk. paper)</subfield>
  </datafield>
  <datafield tag="020" ind1=" " ind2=" ">
    <subfield code="a">9783465007593 (Bd. 14 : alk. paper)</subfield>
  </datafield>
  <datafield tag="020" ind1=" " ind2=" ">
    <subfield code="a">9783465035428 (Bd. 17 : alk. paper)</subfield>
  </datafield>
  <datafield tag="020" ind1=" " ind2=" ">
    <subfield code="a">9783465035947 (Bd. 18 : alk. paper)</subfield>
  </datafield>
  <datafield tag="020" ind1=" " ind2=" ">
    <subfield code="a">9783465035954 (Bd. 18, T.bd. 2)</subfield>
  </datafield>
  <datafield tag="020" ind1=" " ind2=" ">
    <subfield code="a">9783465037729 (Bd. 21)</subfield>
  </datafield>
  <datafield tag="020" ind1=" " ind2=" ">
    <subfield code="a">9783465006503 (Bd. 22)</subfield>
  </datafield>
  <datafield tag="020" ind1=" " ind2=" ">
    <subfield code="a">3465027744 (Bd. 23, T.bd. 2)</subfield>
  </datafield>
  <datafield tag="020" ind1=" " ind2=" ">
    <subfield code="a">3465027590 (Bd. 23, T.bd. 1)</subfield>
  </datafield>
  <datafield tag="020" ind1=" " ind2=" ">
    <subfield code="z">9785465011354 (Bd. 24)</subfield>
  </datafield>
  <datafield tag="020" ind1=" " ind2=" ">
    <subfield code="a">9783465035961 (Bd. 26)</subfield>
  </datafield>
  <datafield tag="035" ind1=" " ind2=" ">
    <subfield code="9">(DLC)   96230926</subfield>
  </datafield>
  <datafield tag="040" ind1=" " ind2=" ">
    <subfield code="a">DLC</subfield>
    <subfield code="c">DLC</subfield>
  </datafield>
  <datafield tag="043" ind1=" " ind2=" ">
    <subfield code="a">e-gx---</subfield>
  </datafield>
  <datafield tag="050" ind1="0" ind2="0">
    <subfield code="a">KK4444.3.A5</subfield>
    <subfield code="b">S36 1995</subfield>
  </datafield>
  <datafield tag="082" ind1="0" ind2="0">
    <subfield code="a">342.43/029</subfield>
    <subfield code="2">21</subfield>
  </datafield>
  <datafield tag="245" ind1="0" ind2="4">
    <subfield code="a">Das Grundgesetz :</subfield>
    <subfield code="b">Dokumentation seiner Entstehung /</subfield>
    <subfield code="c">herausgegeben von Hans-Peter Schneider ; unter Mitarbeit von Ulrich Bachmann ... [et al.].</subfield>
  </datafield>
  <datafield tag="260" ind1=" " ind2=" ">
    <subfield code="a">Frankfurt/Main :</subfield>
    <subfield code="b">Klostermann,</subfield>
    <subfield code="c">&lt;c1995&gt;-&lt;c2020&gt;</subfield>
  </datafield>
  <datafield tag="300" ind1=" " ind2=" ">
    <subfield code="a">v. &lt;9-11, 14, 17-18, 18 pt. 2, 21-23 pt. 1-2, 25,26&gt; ;</subfield>
    <subfield code="c">25 cm.</subfield>
  </datafield>
  <datafield tag="504" ind1=" " ind2=" ">
    <subfield code="a">Includes bibliographical references and indexes.</subfield>
  </datafield>
  <datafield tag="650" ind1=" " ind2="0">
    <subfield code="a">Constitutional history</subfield>
    <subfield code="z">Germany</subfield>
    <subfield code="v">Sources.</subfield>
  </datafield>
  <datafield tag="700" ind1="1" ind2=" ">
    <subfield code="a">Schneider, Hans-Peter,</subfield>
    <subfield code="d">1937-</subfield>
  </datafield>
  <datafield tag="700" ind1="1" ind2=" ">
    <subfield code="a">Bachmann, Ulrich.</subfield>
  </datafield>
  <datafield tag="922" ind1=" " ind2=" ">
    <subfield code="a">ap</subfield>
  </datafield>
  <datafield tag="991" ind1=" " ind2=" ">
    <subfield code="b">c-LL</subfield>
    <subfield code="h">KK4444.3.A5</subfield>
    <subfield code="i">S36 1995</subfield>
    <subfield code="t">Copy 1</subfield>
    <subfield code="w">BOOKS</subfield>
  </datafield>
  <datafield tag="923" ind1=" " ind2=" ">
    <subfield code="d">2007-07-10</subfield>
    <subfield code="n">0102033</subfield>
    <subfield code="s">93001286</subfield>
  </datafield>
</record>