
<record>
  <leader>03803cam a22005651  4500</leader>
  <controlfield tag="001">3579217</controlfield>
  <controlfield tag="005">20200103153127.0</controlfield>
  <controlfield tag="007">cr |||||||||||</controlfield>
  <controlfield tag="008">861008s1681    ne af    d    000 0 fre  </controlfield>
  <datafield tag="906" ind1=" " ind2=" ">
    <subfield code="a">7</subfield>
    <subfield code="b">cbc</subfield>
    <subfield code="c">orignew</subfield>
    <subfield code="d">u</subfield>
    <subfield code="e">ocip</subfield>
    <subfield code="f">19</subfield>
    <subfield code="g">y-gencatlg</subfield>
  </datafield>
  <datafield tag="010" ind1=" " ind2=" ">
    <subfield code="a">   02008900 </subfield>
  </datafield>
  <datafield tag="035" ind1=" " ind2=" ">
    <subfield code="9">(DLC)   02008900</subfield>
  </datafield>
  <datafield tag="040" ind1=" " ind2=" ">
    <subfield code="a">DLC/ICU</subfield>
    <subfield code="c">ICU</subfield>
    <subfield code="d">DLC</subfield>
  </datafield>
  <datafield tag="043" ind1=" " ind2=" ">
    <subfield code="a">nwla---</subfield>
    <subfield code="a">nw-----</subfield>
  </datafield>
  <datafield tag="050" ind1="0" ind2="0">
    <subfield code="a">F2001</subfield>
    <subfield code="b">.R65</subfield>
  </datafield>
  <datafield tag="051" ind1=" " ind2=" ">
    <subfield code="a">Microfilm</subfield>
    <subfield code="b">86326 F</subfield>
    <subfield code="c">Microfilm.</subfield>
  </datafield>
  <datafield tag="100" ind1="1" ind2=" ">
    <subfield code="a">Rochefort, Charles de,</subfield>
    <subfield code="d">1605-1683.</subfield>
  </datafield>
  <datafield tag="242" ind1="1" ind2="0">
    <subfield code="a">Ethics and natural history fo the islands of the Antilles of America :</subfield>
    <subfield code="b">illustrated with several pieces of sculpture representing the most considerable rarities therin described : with a Caribbean vocabulary</subfield>
    <subfield code="y">eng</subfield>
  </datafield>
  <datafield tag="245" ind1="1" ind2="0">
    <subfield code="a">Histoire naturelle et morale des iles Antilles de l&apos;Amerique,</subfield>
    <subfield code="b">enrichie d&apos;un grand nombre de belles figures en taille douce ... Avec un vocabulaire caraïbe.</subfield>
  </datafield>
  <datafield tag="250" ind1=" " ind2=" ">
    <subfield code="a">Derniere ed.</subfield>
    <subfield code="b">Reveuë &amp; augm. par l&apos;autheur d&apos;un Recit de l&apos;estat present des celebres colonies de la Virginie, de Marie-land, de la Caroline, du nouveau duché d&apos;York, de Penn-sylvania, &amp; de la Nouvelle Angleterre, situées dans l&apos;Amerique Septentrionale, &amp; qui relevent de la couronne du roy de la Grand&apos; Bretagne. Tiré fidelement des memoires des habitans des mêmes colonies, en faveur de ceus, qui auroyent le dessein de s&apos;y transporter pour s&apos;y établir.</subfield>
  </datafield>
  <datafield tag="260" ind1=" " ind2=" ">
    <subfield code="a">Rotterdam,</subfield>
    <subfield code="b">R. Leers,</subfield>
    <subfield code="c">1681.</subfield>
  </datafield>
  <datafield tag="300" ind1=" " ind2=" ">
    <subfield code="a">18 p.l., 583, [13], 43 p.</subfield>
    <subfield code="b">illus., 3 fold. pl.</subfield>
    <subfield code="c">24 cm.</subfield>
  </datafield>
  <datafield tag="500" ind1=" " ind2=" ">
    <subfield code="a">Added engraved t.p.</subfield>
  </datafield>
  <datafield tag="500" ind1=" " ind2=" ">
    <subfield code="a">Dedication signed: De Rochefort.</subfield>
  </datafield>
  <datafield tag="500" ind1=" " ind2=" ">
    <subfield code="a">The author has been variously identified as the Count Charles-César de Rochefort, César de Rochefort, Jean-Baptiste du Tertre, Louis de Poincy, and Charles de Rochefort. Convincing proof of Charles de Rochefort&apos;s authorship (an identification which Sabin accepts) is presented in: The authorship and purpose of the Histooire naturelle et morale des îles Antilles, an early Huguenot emigration guide / Everett C. Wilkie, Jr. (In Harvard Library bulletin, n.s., II, 3 (Fall 1991)). Wilkie sees evidence that Poincy may have collaborated with Rochefort in the 1st ed.</subfield>
  </datafield>
  <datafield tag="500" ind1=" " ind2=" ">
    <subfield code="a">A reissue of the edition of 1665, with a new t.-p. and the addition of a supplement of 43 pages.</subfield>
  </datafield>
  <datafield tag="500" ind1=" " ind2=" ">
    <subfield code="a">The &quot;Recit de l&apos;estat present des celebres colonies&quot; ... has special t.-p. with same imprint as the &quot;Histoire naturelle&quot;.</subfield>
  </datafield>
  <datafield tag="510" ind1="4" ind2=" ">
    <subfield code="a">Sabin</subfield>
    <subfield code="c">72318</subfield>
  </datafield>
  <datafield tag="510" ind1="4" ind2=" ">
    <subfield code="a">Palau y Dulcet (2nd ed.)</subfield>
    <subfield code="c">271895</subfield>
  </datafield>
  <datafield tag="500" ind1=" " ind2=" ">
    <subfield code="a">&quot;Chapitre huitiéme, Digression contenant un abragè de l&apos;histoire naturelle &amp; morale du païs des Apalachites&quot;: p. 373-434.</subfield>
  </datafield>
  <datafield tag="500" ind1=" " ind2=" ">
    <subfield code="a">&quot;Vocabulaire caraïbe&quot; (by Raymond Breton; see Wilkie, p. 37): p. 571-583.</subfield>
  </datafield>
  <datafield tag="530" ind1=" " ind2=" ">
    <subfield code="a">Also available in digital form on the Library of Congress Web site.</subfield>
  </datafield>
  <datafield tag="651" ind1=" " ind2="0">
    <subfield code="a">Antilles, Lesser</subfield>
    <subfield code="v">Early works to 1800.</subfield>
  </datafield>
  <datafield tag="650" ind1=" " ind2="0">
    <subfield code="a">Natural history</subfield>
    <subfield code="z">West Indies</subfield>
    <subfield code="v">Early works to 1800.</subfield>
  </datafield>
  <datafield tag="650" ind1=" " ind2="0">
    <subfield code="a">Cariban Indians</subfield>
    <subfield code="v">Early works to 1800.</subfield>
  </datafield>
  <datafield tag="650" ind1=" " ind2="0">
    <subfield code="a">Apalachee Indians</subfield>
    <subfield code="v">Early works to 1800.</subfield>
  </datafield>
  <datafield tag="650" ind1=" " ind2="0">
    <subfield code="a">Island Carib language</subfield>
    <subfield code="v">Glossaries, vocabularies, etc.</subfield>
  </datafield>
  <datafield tag="700" ind1="1" ind2=" ">
    <subfield code="a">Rochefort, Charles-César,</subfield>
    <subfield code="c">comte de.</subfield>
  </datafield>
  <datafield tag="700" ind1="1" ind2=" ">
    <subfield code="a">Rochefort, César de,</subfield>
    <subfield code="d">-1690.</subfield>
  </datafield>
  <datafield tag="700" ind1="1" ind2=" ">
    <subfield code="a">Du Tertre, Jean Baptiste,</subfield>
    <subfield code="d">1610-1687.</subfield>
  </datafield>
  <datafield tag="700" ind1="1" ind2=" ">
    <subfield code="a">Poincy, Louis de,</subfield>
    <subfield code="d">-1660.</subfield>
  </datafield>
  <datafield tag="700" ind1="1" ind2=" ">
    <subfield code="a">Breton, Raymond,</subfield>
    <subfield code="d">1609-1679.</subfield>
  </datafield>
  <datafield tag="856" ind1="4" ind2="1">
    <subfield code="d">rbc0001</subfield>
    <subfield code="f">2019gen08900</subfield>
    <subfield code="q">o</subfield>
    <subfield code="u">http://hdl.loc.gov/loc.rbc/rbfr.0033</subfield>
  </datafield>
  <datafield tag="859" ind1="4" ind2="2">
    <subfield code="3">France in America: Selections from the LC Rare Books and Special Collections Division Description</subfield>
    <subfield code="u">http://hdl.loc.gov/loc.eur/frhtml.0002</subfield>
  </datafield>
  <datafield tag="985" ind1=" " ind2=" ">
    <subfield code="a">rbc/scd</subfield>
  </datafield>
  <datafield tag="985" ind1=" " ind2=" ">
    <subfield code="a">ascfr/frlcrb/tx</subfield>
    <subfield code="e">intldl</subfield>
  </datafield>
  <datafield tag="985" ind1=" " ind2=" ">
    <subfield code="a">pmpull</subfield>
    <subfield code="e">ammem</subfield>
  </datafield>
  <datafield tag="991" ind1=" " ind2=" ">
    <subfield code="b">c-GenColl</subfield>
    <subfield code="h">F2001</subfield>
    <subfield code="i">.R65</subfield>
    <subfield code="t">Copy 1</subfield>
    <subfield code="w">BOOKS</subfield>
  </datafield>
  <datafield tag="991" ind1=" " ind2=" ">
    <subfield code="b">c-MicRR</subfield>
    <subfield code="h">Microfilm</subfield>
    <subfield code="i">86326 F</subfield>
    <subfield code="t">Copy 1</subfield>
    <subfield code="w">BOOKS</subfield>
  </datafield>
  <datafield tag="985" ind1=" " ind2=" ">
    <subfield code="a">bnffia-bk</subfield>
  </datafield>
</record>