
<record>
  <leader>01705cam a2200397 a 4500</leader>
  <controlfield tag="001">3580810</controlfield>
  <controlfield tag="005">20200103172950.0</controlfield>
  <controlfield tag="008">990210s1927    nyu           000 1 eng  </controlfield>
  <datafield tag="906" ind1=" " ind2=" ">
    <subfield code="a">7</subfield>
    <subfield code="b">cbc</subfield>
    <subfield code="c">orignew</subfield>
    <subfield code="d">1</subfield>
    <subfield code="e">ocip</subfield>
    <subfield code="f">19</subfield>
    <subfield code="g">y-gencatlg</subfield>
  </datafield>
  <datafield tag="955" ind1=" " ind2=" ">
    <subfield code="a">vj05 05-04-99</subfield>
  </datafield>
  <datafield tag="010" ind1=" " ind2=" ">
    <subfield code="a">   27025830 </subfield>
  </datafield>
  <datafield tag="035" ind1=" " ind2=" ">
    <subfield code="a">(DLC)   27025830</subfield>
  </datafield>
  <datafield tag="040" ind1=" " ind2=" ">
    <subfield code="a">DLC</subfield>
    <subfield code="c">DLC</subfield>
    <subfield code="d">DLC</subfield>
  </datafield>
  <datafield tag="050" ind1="0" ind2="0">
    <subfield code="a">PZ3.O33</subfield>
    <subfield code="b">Fa</subfield>
  </datafield>
  <datafield tag="051" ind1=" " ind2=" ">
    <subfield code="a">PR6029.F5</subfield>
    <subfield code="b">F3</subfield>
    <subfield code="c">Copy 3.</subfield>
  </datafield>
  <datafield tag="051" ind1=" " ind2=" ">
    <subfield code="a">PR6029.F5</subfield>
    <subfield code="b">F3 Copy 2</subfield>
    <subfield code="c">Copy 4. &quot;Publisher&apos;s copy&quot; in wrapper, formerly owned by Bruce Rogers.</subfield>
  </datafield>
  <datafield tag="100" ind1="1" ind2=" ">
    <subfield code="a">O&apos;Flaherty, Liam,</subfield>
    <subfield code="d">1896-1984.</subfield>
  </datafield>
  <datafield tag="240" ind1="1" ind2="0">
    <subfield code="a">Short stories.</subfield>
    <subfield code="k">Selections</subfield>
  </datafield>
  <datafield tag="245" ind1="1" ind2="4">
    <subfield code="a">The fairy goose, and two other stories /</subfield>
    <subfield code="c">by Liam O&apos;Flaherty.</subfield>
  </datafield>
  <datafield tag="260" ind1=" " ind2=" ">
    <subfield code="a">New York :</subfield>
    <subfield code="b">Crosby Gaige ;</subfield>
    <subfield code="a">London :</subfield>
    <subfield code="b">Faber &amp; Gwyer,</subfield>
    <subfield code="c">1927</subfield>
    <subfield code="e">(Mount Vernon, N.Y. :</subfield>
    <subfield code="f">William Edwin Rudge)</subfield>
  </datafield>
  <datafield tag="300" ind1=" " ind2=" ">
    <subfield code="a">58 p. ;</subfield>
    <subfield code="c">17 cm.</subfield>
  </datafield>
  <datafield tag="500" ind1=" " ind2=" ">
    <subfield code="a">&quot;Eleven hundred and ninety copies ... Each copy has been signed by the author&quot;--Colophon.</subfield>
  </datafield>
  <datafield tag="505" ind1="1" ind2=" ">
    <subfield code="a">Mackerel for sale -- Birth.</subfield>
  </datafield>
  <datafield tag="700" ind1="1" ind2=" ">
    <subfield code="a">Rogers, Bruce,</subfield>
    <subfield code="d">1870-1957,</subfield>
    <subfield code="e">former owner.</subfield>
    <subfield code="5">DLC</subfield>
  </datafield>
  <datafield tag="710" ind1="2" ind2=" ">
    <subfield code="a">William Edwin Rudge (Firm)</subfield>
  </datafield>
  <datafield tag="710" ind1="2" ind2=" ">
    <subfield code="a">Frederic W. Goudy Collection (Library of Congress)</subfield>
    <subfield code="5">DLC</subfield>
  </datafield>
  <datafield tag="710" ind1="2" ind2=" ">
    <subfield code="a">Pforzheimer Bruce Rogers Collection (Library of Congress)</subfield>
    <subfield code="5">DLC</subfield>
  </datafield>
  <datafield tag="952" ind1=" " ind2=" ">
    <subfield code="a">LAC sba 2020-01-03 no edits (3 cards)</subfield>
  </datafield>
  <datafield tag="984" ind1=" " ind2=" ">
    <subfield code="a">rsl</subfield>
    <subfield code="d">2020-01-03</subfield>
  </datafield>
  <datafield tag="985" ind1=" " ind2=" ">
    <subfield code="a">rblacfederal</subfield>
    <subfield code="d">20200103</subfield>
  </datafield>
  <datafield tag="985" ind1=" " ind2=" ">
    <subfield code="e">GAP</subfield>
  </datafield>
  <datafield tag="991" ind1=" " ind2=" ">
    <subfield code="b">c-GenColl</subfield>
    <subfield code="h">PZ3.O33</subfield>
    <subfield code="i">Fa</subfield>
    <subfield code="o">am</subfield>
    <subfield code="t">Copy 1</subfield>
    <subfield code="w">BOOKS</subfield>
  </datafield>
  <datafield tag="991" ind1=" " ind2=" ">
    <subfield code="b">c-RareBook</subfield>
    <subfield code="h">PR6029.F5</subfield>
    <subfield code="i">F3</subfield>
    <subfield code="o">am</subfield>
    <subfield code="t">Copy 1</subfield>
    <subfield code="m">Goudy Coll</subfield>
    <subfield code="w">BOOKS</subfield>
  </datafield>
  <datafield tag="991" ind1=" " ind2=" ">
    <subfield code="b">c-RareBook</subfield>
    <subfield code="h">PR6029.F5</subfield>
    <subfield code="i">F3</subfield>
    <subfield code="o">am</subfield>
    <subfield code="t">Copy 2</subfield>
    <subfield code="m">Pforzheimer Rogers Coll</subfield>
    <subfield code="w">BOOKS</subfield>
  </datafield>
  <datafield tag="991" ind1=" " ind2=" ">
    <subfield code="b">c-GenColl</subfield>
    <subfield code="h">PZ3.O33</subfield>
    <subfield code="i">Fa</subfield>
    <subfield code="t">Copy 1</subfield>
    <subfield code="w">BOOKS</subfield>
  </datafield>
  <datafield tag="991" ind1=" " ind2=" ">
    <subfield code="b">c-RareBook</subfield>
    <subfield code="h">PZ3.O33</subfield>
    <subfield code="i">Fa</subfield>
    <subfield code="t">Copy 2</subfield>
    <subfield code="m">Pforzheimer Rogers Coll</subfield>
    <subfield code="w">BOOKS</subfield>
  </datafield>
</record>