
<record>
  <leader>01576cam a2200313 a 4500</leader>
  <controlfield tag="001">3773836</controlfield>
  <controlfield tag="005">20200103154331.0</controlfield>
  <controlfield tag="008">830531m19821986ru ac    b    001 0aruso </controlfield>
  <datafield tag="906" ind1=" " ind2=" ">
    <subfield code="a">7</subfield>
    <subfield code="b">cbc</subfield>
    <subfield code="c">orignew</subfield>
    <subfield code="d">2</subfield>
    <subfield code="e">ncip</subfield>
    <subfield code="f">19</subfield>
    <subfield code="g">y-gencatlg</subfield>
  </datafield>
  <datafield tag="010" ind1=" " ind2=" ">
    <subfield code="a">   83133150 </subfield>
  </datafield>
  <datafield tag="020" ind1=" " ind2=" ">
    <subfield code="c">2.80rub (v. 1)</subfield>
  </datafield>
  <datafield tag="035" ind1=" " ind2=" ">
    <subfield code="9">(DLC)   83133150</subfield>
  </datafield>
  <datafield tag="040" ind1=" " ind2=" ">
    <subfield code="a">DLC</subfield>
    <subfield code="c">DLC</subfield>
    <subfield code="d">DLC</subfield>
  </datafield>
  <datafield tag="043" ind1=" " ind2=" ">
    <subfield code="a">e-ur---</subfield>
  </datafield>
  <datafield tag="050" ind1="0" ind2="0">
    <subfield code="a">PN1995.9.P7</subfield>
    <subfield code="b">K62 1982</subfield>
  </datafield>
  <datafield tag="082" ind1="0" ind2="0">
    <subfield code="a">791.43/023/0947</subfield>
    <subfield code="2">19</subfield>
  </datafield>
  <datafield tag="100" ind1="1" ind2=" ">
    <subfield code="a">Kozint︠s︡ev, Grigoriĭ.</subfield>
  </datafield>
  <datafield tag="240" ind1="1" ind2="0">
    <subfield code="a">Works.</subfield>
    <subfield code="k">Selections.</subfield>
    <subfield code="f">1982</subfield>
  </datafield>
  <datafield tag="245" ind1="1" ind2="0">
    <subfield code="a">Sobranie sochineniĭ v pi︠a︡ti tomakh /</subfield>
    <subfield code="c">Grigoriĭ Kozint︠s︡ev.</subfield>
  </datafield>
  <datafield tag="260" ind1=" " ind2=" ">
    <subfield code="a">Leningrad :</subfield>
    <subfield code="b">&quot;Iskusstvo,&quot; Leningradskoe otd-nie,</subfield>
    <subfield code="c">1982-1986.</subfield>
  </datafield>
  <datafield tag="300" ind1=" " ind2=" ">
    <subfield code="a">5 v. :</subfield>
    <subfield code="b">ill., port. ;</subfield>
    <subfield code="c">21 cm.</subfield>
  </datafield>
  <datafield tag="504" ind1=" " ind2=" ">
    <subfield code="a">Includes bibliographical references and indexes.</subfield>
  </datafield>
  <datafield tag="505" ind1="0" ind2=" ">
    <subfield code="a">1. Glubokiĭ ėkran ; O svoeĭ rabote v kino i teatre -- 2. Kritiko-publit︠s︡isticheskie statʹi i vystuplenii︠a︡ ; Zametki ob iskusstve i li︠u︡di︠a︡kh iskusstva -- 3. O rezhissure ; O komicheskom ėkst︠s︡entricheskom i grotesknom iskusstve ; Nash sovremennik Vilʹ i︠a︡m Shekspir -- 4. Prostranstvo tragedii ; Zaþisi þo filʹmu &quot;Korolʹ Lir&quot; ; Zaþisi iz rabochikh tetradeĭ, 1940-1973 -- 5. Zamysly ; Pisʹma.</subfield>
  </datafield>
  <datafield tag="650" ind1=" " ind2="0">
    <subfield code="a">Motion pictures</subfield>
    <subfield code="x">Production and direction.</subfield>
  </datafield>
  <datafield tag="650" ind1=" " ind2="0">
    <subfield code="a">Motion pictures</subfield>
    <subfield code="z">Soviet Union.</subfield>
  </datafield>
  <datafield tag="600" ind1="1" ind2="0">
    <subfield code="a">Kozint︠s︡ev, Grigoriĭ..</subfield>
  </datafield>
  <datafield tag="650" ind1=" " ind2="0">
    <subfield code="a">Motion picture producers and directors</subfield>
    <subfield code="z">Soviet Union</subfield>
    <subfield code="v">Biography.</subfield>
  </datafield>
  <datafield tag="952" ind1=" " ind2=" ">
    <subfield code="a">Complete in 5 v.</subfield>
  </datafield>
  <datafield tag="991" ind1=" " ind2=" ">
    <subfield code="b">c-GenColl</subfield>
    <subfield code="h">PN1995.9.P7</subfield>
    <subfield code="i">K62 1982</subfield>
    <subfield code="p">00004680327</subfield>
    <subfield code="t">Copy 1</subfield>
    <subfield code="v">5</subfield>
    <subfield code="w">BOOKS</subfield>
  </datafield>
</record>