
<record>
  <leader>01389cam a22002651  4500</leader>
  <controlfield tag="001">4070407</controlfield>
  <controlfield tag="005">20200103130333.0</controlfield>
  <controlfield tag="008">700114s1968    ohu      b    000 0 eng  </controlfield>
  <datafield tag="035" ind1=" " ind2=" ">
    <subfield code="9">(DLC)   69010743</subfield>
  </datafield>
  <datafield tag="906" ind1=" " ind2=" ">
    <subfield code="a">7</subfield>
    <subfield code="b">cbc</subfield>
    <subfield code="c">orignew</subfield>
    <subfield code="d">u</subfield>
    <subfield code="e">ncip</subfield>
    <subfield code="f">19</subfield>
    <subfield code="g">y-gencatlg</subfield>
  </datafield>
  <datafield tag="010" ind1=" " ind2=" ">
    <subfield code="a">   69010743 </subfield>
  </datafield>
  <datafield tag="040" ind1=" " ind2=" ">
    <subfield code="a">DLC</subfield>
    <subfield code="c">DLC</subfield>
    <subfield code="d">DLC</subfield>
  </datafield>
  <datafield tag="050" ind1="0" ind2="0">
    <subfield code="a">PN6231.S2</subfield>
    <subfield code="b">B75</subfield>
  </datafield>
  <datafield tag="082" ind1="0" ind2="0">
    <subfield code="a">808.04/275</subfield>
  </datafield>
  <datafield tag="100" ind1="1" ind2=" ">
    <subfield code="a">Brown, Ashley,</subfield>
    <subfield code="d">1923-</subfield>
    <subfield code="e">comp.</subfield>
  </datafield>
  <datafield tag="245" ind1="1" ind2="0">
    <subfield code="a">Satire.</subfield>
    <subfield code="c">Edited by Ashley Brown [and] John L. Kimmey.</subfield>
  </datafield>
  <datafield tag="260" ind1=" " ind2=" ">
    <subfield code="a">Columbus, Ohio,</subfield>
    <subfield code="b">C. E. Merrill Pub. Co.</subfield>
    <subfield code="c">[1968]</subfield>
  </datafield>
  <datafield tag="300" ind1=" " ind2=" ">
    <subfield code="a">vii, 213 p.</subfield>
    <subfield code="c">23 cm.</subfield>
  </datafield>
  <datafield tag="490" ind1="0" ind2=" ">
    <subfield code="a">Their Modes of literature series</subfield>
  </datafield>
  <datafield tag="504" ind1=" " ind2=" ">
    <subfield code="a">Bibliography: p. 7.</subfield>
  </datafield>
  <datafield tag="505" ind1="0" ind2=" ">
    <subfield code="a">Introduction.--The town mouse and the country mouse, by Horace.--The third satire, by Juvenal.--Sonnet 130, by W. Shakespeare.--Song: Go and catch a falling star, by J. Donne.--The animals and the plague, by J. de La Fontaine.--The misanthrope, by Moliere.--The rape of the lock, by A. Pope.--Description of a city shower, by J. Swift.--A modest proposal, by J. Swift.--Candide, by Voltaire.--Holy Willie&apos;s prayer, by R. Burns.--London, by W. Blake.--In Westminster Abbey, by J. Betjeman.--Blue Island, by J. F. Powers.--Everything that rises must converge, by F. O&apos;Connor.</subfield>
  </datafield>
  <datafield tag="650" ind1=" " ind2="0">
    <subfield code="a">Satire.</subfield>
  </datafield>
  <datafield tag="650" ind1=" " ind2="0">
    <subfield code="a">College readers.</subfield>
  </datafield>
  <datafield tag="700" ind1="1" ind2=" ">
    <subfield code="a">Kimmey, John,</subfield>
    <subfield code="d">1922-</subfield>
    <subfield code="e">joint comp.</subfield>
  </datafield>
  <datafield tag="991" ind1=" " ind2=" ">
    <subfield code="b">c-GenColl</subfield>
    <subfield code="h">PN6231.S2</subfield>
    <subfield code="i">B75</subfield>
    <subfield code="t">Copy 1</subfield>
    <subfield code="w">BOOKS</subfield>
  </datafield>
</record>