
<record>
  <leader>01133cam a2200265 i 4500</leader>
  <controlfield tag="001">4202200</controlfield>
  <controlfield tag="005">20200103120449.0</controlfield>
  <controlfield tag="008">801107s1979    ru            000 0 ruso </controlfield>
  <datafield tag="906" ind1=" " ind2=" ">
    <subfield code="a">7</subfield>
    <subfield code="b">cbc</subfield>
    <subfield code="c">orignew</subfield>
    <subfield code="d">4</subfield>
    <subfield code="e">ncip</subfield>
    <subfield code="f">19</subfield>
    <subfield code="g">y-gencatlg</subfield>
  </datafield>
  <datafield tag="010" ind1=" " ind2=" ">
    <subfield code="a">   80506553 </subfield>
  </datafield>
  <datafield tag="015" ind1=" " ind2=" ">
    <subfield code="a">USSR***</subfield>
  </datafield>
  <datafield tag="020" ind1=" " ind2=" ">
    <subfield code="c">0.35rub</subfield>
  </datafield>
  <datafield tag="035" ind1=" " ind2=" ">
    <subfield code="9">(DLC)   80506553</subfield>
  </datafield>
  <datafield tag="040" ind1=" " ind2=" ">
    <subfield code="a">DLC</subfield>
    <subfield code="c">DLC</subfield>
    <subfield code="d">DLC</subfield>
  </datafield>
  <datafield tag="050" ind1="0" ind2="0">
    <subfield code="a">PG2121</subfield>
    <subfield code="b">.R28 1979</subfield>
  </datafield>
  <datafield tag="050" ind1="0" ind2="0">
    <subfield code="a">RYI 0117-0118</subfield>
  </datafield>
  <datafield tag="100" ind1="1" ind2=" ">
    <subfield code="a">Rassudova, O. P.</subfield>
    <subfield code="q">(Olʹga Petrovna)</subfield>
  </datafield>
  <datafield tag="245" ind1="1" ind2="0">
    <subfield code="a">Intensivnyĭ kurs russkogo i︠a︡zyka :</subfield>
    <subfield code="b">&quot;Temp&quot; : kniga dli︠a︡ prepodavateli︠a︡ /</subfield>
    <subfield code="c">O. P. Rassudova, L. V. Stepanova.</subfield>
  </datafield>
  <datafield tag="260" ind1=" " ind2=" ">
    <subfield code="a">Moskva :</subfield>
    <subfield code="b">Russkiĭ i︠a︡zyk,</subfield>
    <subfield code="c">1979.</subfield>
  </datafield>
  <datafield tag="300" ind1=" " ind2=" ">
    <subfield code="a">138 p. ;</subfield>
    <subfield code="c">22 cm. +</subfield>
    <subfield code="e">2 sound cassettes (analog, mono.)</subfield>
  </datafield>
  <datafield tag="590" ind1=" " ind2=" ">
    <subfield code="a">Accompanying sound recordings shelved in the Recorded Sound Section of the Motion Picture, Broadcasting, and Recorded Sound Division.</subfield>
  </datafield>
  <datafield tag="650" ind1=" " ind2="0">
    <subfield code="a">Russian language</subfield>
    <subfield code="x">Spoken Russian.</subfield>
  </datafield>
  <datafield tag="650" ind1=" " ind2="0">
    <subfield code="a">Russian language</subfield>
    <subfield code="v">Sound recordings for foreign speakers.</subfield>
  </datafield>
  <datafield tag="700" ind1="1" ind2=" ">
    <subfield code="a">Stepanova, L. V.</subfield>
    <subfield code="q">(Li︠u︡dmila Valentinovna),</subfield>
    <subfield code="e">joint author.</subfield>
  </datafield>
  <datafield tag="991" ind1=" " ind2=" ">
    <subfield code="b">c-Music</subfield>
    <subfield code="h">PG2121</subfield>
    <subfield code="i">.R28 1979</subfield>
    <subfield code="t">Copy 1</subfield>
    <subfield code="m">Phon Case</subfield>
    <subfield code="w">BOOKS</subfield>
  </datafield>
</record>