
<record>
  <leader>03743cam a2200601 i 4500</leader>
  <controlfield tag="001">4284211</controlfield>
  <controlfield tag="005">20200103150630.0</controlfield>
  <controlfield tag="008">850503s1916    ru       b    000 mdrus  </controlfield>
  <datafield tag="906" ind1=" " ind2=" ">
    <subfield code="a">0</subfield>
    <subfield code="b">cbc</subfield>
    <subfield code="c">orignew</subfield>
    <subfield code="d">2</subfield>
    <subfield code="e">ncip</subfield>
    <subfield code="f">19</subfield>
    <subfield code="g">y-gencatlg</subfield>
  </datafield>
  <datafield tag="955" ind1=" " ind2=" ">
    <subfield code="a">he07 2020-01-03</subfield>
    <subfield code="i">he07 2020-01-03 NEW INPUT</subfield>
  </datafield>
  <datafield tag="010" ind1=" " ind2=" ">
    <subfield code="a">   85150963 </subfield>
  </datafield>
  <datafield tag="040" ind1=" " ind2=" ">
    <subfield code="a">DLC</subfield>
    <subfield code="b">eng</subfield>
    <subfield code="e">rda</subfield>
    <subfield code="c">DLC</subfield>
    <subfield code="d">DLC</subfield>
  </datafield>
  <datafield tag="042" ind1=" " ind2=" ">
    <subfield code="a">pcc</subfield>
  </datafield>
  <datafield tag="050" ind1="0" ind2="0">
    <subfield code="a">PG3227.5</subfield>
    <subfield code="b">.P59 1916</subfield>
  </datafield>
  <datafield tag="066" ind1=" " ind2=" ">
    <subfield code="c">(N</subfield>
    <subfield code="c">(Q</subfield>
  </datafield>
  <datafield tag="245" ind1="0" ind2="0">
    <subfield code="6">880-01</subfield>
    <subfield code="a">Polonʺ :</subfield>
    <subfield code="b">literaturnyĭ sbornikʺ /</subfield>
    <subfield code="c">S. Auslenderʺ, A. Blokʺ, N. Gumilevʺ, M. Dolinovʺ, V. Ivanovʺ, R. Ivnevʺ, D. Krachkovskīĭ, V. Mozalevskīĭ, E. Nagrodskai︠a︡, A. Remizovʺ, B. Sadovskoĭ, I︠U︡. Slezkinʺ, V. Sokolovʺ, Ḟ. Sologubʺ, L. Stolit︠s︡a, A. Tolmachevʺ.</subfield>
  </datafield>
  <datafield tag="880" ind1="0" ind2="0">
    <subfield code="6">245-01/(N</subfield>
    <subfield code="a">Pолонъ :</subfield>
    <subfield code="b">литературный сборникъ /</subfield>
    <subfield code="c">С. Ауслендеръ, А. Блокъ, Н. Гумилевъ, М. Долиновъ, В. Ивановъ, Р. Ивневъ, Д. Крачковскій, В. Мозалевскій, Е. Нагродская, А. Ремизовъ, Б. Садовской, Ю. Слезкинъ, В. Соколовъ, Ѳ. Сологубъ, Л. Столица, А. Толмачевъ.</subfield>
  </datafield>
  <datafield tag="264" ind1=" " ind2="1">
    <subfield code="6">880-02</subfield>
    <subfield code="a">Petrogradʺ :</subfield>
    <subfield code="b">Izdanīe Vserossīĭskago obshchestva pomoshchi voennopli︠e︡nnymʺ,</subfield>
    <subfield code="c">1916.</subfield>
  </datafield>
  <datafield tag="880" ind1=" " ind2="1">
    <subfield code="6">264-02/(N</subfield>
    <subfield code="a">Петроградъ :</subfield>
    <subfield code="b">Изданіе Всероссійскаго общества помощи военноплѣннымъ,</subfield>
    <subfield code="c">1916.</subfield>
  </datafield>
  <datafield tag="300" ind1=" " ind2=" ">
    <subfield code="a">186 pages, 2 unnumbered pages at end ;</subfield>
    <subfield code="c">25 cm.</subfield>
  </datafield>
  <datafield tag="336" ind1=" " ind2=" ">
    <subfield code="a">text</subfield>
    <subfield code="b">txt</subfield>
    <subfield code="2">rdacontent</subfield>
  </datafield>
  <datafield tag="337" ind1=" " ind2=" ">
    <subfield code="a">unmediated</subfield>
    <subfield code="b">n</subfield>
    <subfield code="2">rdamedia</subfield>
  </datafield>
  <datafield tag="338" ind1=" " ind2=" ">
    <subfield code="a">volume</subfield>
    <subfield code="b">nc</subfield>
    <subfield code="2">rdacarrier</subfield>
  </datafield>
  <datafield tag="500" ind1=" " ind2=" ">
    <subfield code="a">Pages 1 through 41, poems, are unnumbered.</subfield>
  </datafield>
  <datafield tag="504" ind1=" " ind2=" ">
    <subfield code="a">Includes bibliographical references.</subfield>
  </datafield>
  <datafield tag="650" ind1=" " ind2="0">
    <subfield code="a">Russian literature</subfield>
    <subfield code="y">20th century.</subfield>
  </datafield>
  <datafield tag="700" ind1="1" ind2=" ">
    <subfield code="6">880-03</subfield>
    <subfield code="a">Auslender, S.</subfield>
  </datafield>
  <datafield tag="880" ind1="1" ind2=" ">
    <subfield code="6">700-03/(N</subfield>
    <subfield code="a">Ауслендер, С.</subfield>
  </datafield>
  <datafield tag="700" ind1="1" ind2=" ">
    <subfield code="6">880-04</subfield>
    <subfield code="a">Blok, Aleksandr Aleksandrovich,</subfield>
    <subfield code="d">1880-1921.</subfield>
  </datafield>
  <datafield tag="880" ind1="1" ind2=" ">
    <subfield code="6">700-04/(N</subfield>
    <subfield code="a">Блок, Александр Александрович,</subfield>
    <subfield code="d">1880-1921.</subfield>
  </datafield>
  <datafield tag="700" ind1="1" ind2=" ">
    <subfield code="6">880-05</subfield>
    <subfield code="a">Gumilev, N.</subfield>
    <subfield code="q">(Nikolaĭ),</subfield>
    <subfield code="d">1886-1921.</subfield>
  </datafield>
  <datafield tag="880" ind1="1" ind2=" ">
    <subfield code="6">700-05/(N</subfield>
    <subfield code="a">Гумилев, Н.</subfield>
    <subfield code="q">(Николай),</subfield>
    <subfield code="d">1886-1921.</subfield>
  </datafield>
  <datafield tag="700" ind1="1" ind2=" ">
    <subfield code="6">880-06</subfield>
    <subfield code="a">Mozalevskiĭ, Viktor Ivanovich,</subfield>
    <subfield code="d">1889-1970.</subfield>
  </datafield>
  <datafield tag="880" ind1="1" ind2=" ">
    <subfield code="6">700-06/(N</subfield>
    <subfield code="a">Мозалевский, Виктор Иванович,</subfield>
    <subfield code="d">1889-1970.</subfield>
  </datafield>
  <datafield tag="700" ind1="1" ind2=" ">
    <subfield code="6">880-07</subfield>
    <subfield code="a">Klenovskiĭ, Dmitriĭ I.,</subfield>
    <subfield code="d">1892-1976.</subfield>
  </datafield>
  <datafield tag="880" ind1="1" ind2=" ">
    <subfield code="6">700-07/(N</subfield>
    <subfield code="a">Кленовский, Дмитрий И.,</subfield>
    <subfield code="d">1892-1976.</subfield>
  </datafield>
  <datafield tag="700" ind1="1" ind2=" ">
    <subfield code="6">880-08</subfield>
    <subfield code="a">Ivnev, Ri︠u︡rik,</subfield>
    <subfield code="d">1891-1981.</subfield>
  </datafield>
  <datafield tag="880" ind1="1" ind2=" ">
    <subfield code="6">700-08/(N</subfield>
    <subfield code="a">Ивнев, Рюрик,</subfield>
    <subfield code="d">1891-1981.</subfield>
  </datafield>
  <datafield tag="700" ind1="1" ind2=" ">
    <subfield code="6">880-09</subfield>
    <subfield code="a">Ivanov, V. I.</subfield>
    <subfield code="q">(Vi︠a︡cheslav Ivanovich),</subfield>
    <subfield code="d">1866-1949.</subfield>
  </datafield>
  <datafield tag="880" ind1="1" ind2=" ">
    <subfield code="6">700-09/(N</subfield>
    <subfield code="a">Иванов, В. И.</subfield>
    <subfield code="q">(Вячеслав Иванович),</subfield>
    <subfield code="d">1866-1949.</subfield>
  </datafield>
  <datafield tag="700" ind1="1" ind2=" ">
    <subfield code="6">880-10</subfield>
    <subfield code="a">Dolinov, Mikhail Anatolʹevich.</subfield>
  </datafield>
  <datafield tag="880" ind1="1" ind2=" ">
    <subfield code="6">700-10/(N</subfield>
    <subfield code="a">Долинов, Михаил Анатольевич.</subfield>
  </datafield>
  <datafield tag="700" ind1="1" ind2=" ">
    <subfield code="6">880-11</subfield>
    <subfield code="a">Nagrodskai︠a︡, E.</subfield>
  </datafield>
  <datafield tag="880" ind1="1" ind2=" ">
    <subfield code="6">700-11/(N</subfield>
    <subfield code="a">Нагродская, Е.</subfield>
  </datafield>
  <datafield tag="700" ind1="1" ind2=" ">
    <subfield code="6">880-12</subfield>
    <subfield code="a">Remizov, Alekseĭ,</subfield>
    <subfield code="d">1877-1957.</subfield>
  </datafield>
  <datafield tag="880" ind1="1" ind2=" ">
    <subfield code="6">700-12/(N</subfield>
    <subfield code="a">Ремизов, Алексей,</subfield>
    <subfield code="d">1877-1957.</subfield>
  </datafield>
  <datafield tag="700" ind1="1" ind2=" ">
    <subfield code="6">880-13</subfield>
    <subfield code="a">Sadovskoĭ, Boris,</subfield>
    <subfield code="d">1881-1952.</subfield>
  </datafield>
  <datafield tag="880" ind1="1" ind2=" ">
    <subfield code="6">700-13/(N</subfield>
    <subfield code="a">Садовской, Борис,</subfield>
    <subfield code="d">1881-1952.</subfield>
  </datafield>
  <datafield tag="700" ind1="1" ind2=" ">
    <subfield code="6">880-14</subfield>
    <subfield code="a">Slezkin, I︠U︡riĭ Lʹvovich,</subfield>
    <subfield code="d">1885-1947.</subfield>
  </datafield>
  <datafield tag="880" ind1="1" ind2=" ">
    <subfield code="6">700-14/(N</subfield>
    <subfield code="a">Слезкин, Юрий Львович,</subfield>
    <subfield code="d">1885-1947.</subfield>
  </datafield>
  <datafield tag="710" ind1="2" ind2=" ">
    <subfield code="6">880-16</subfield>
    <subfield code="a">Vserossīĭskoe obshchestvo pomoshchi voennopli︠e︡nnym (Russia)</subfield>
  </datafield>
  <datafield tag="880" ind1="2" ind2=" ">
    <subfield code="6">710-16/(N</subfield>
    <subfield code="a">Всероссійское общество помощи военноплѣнным (Russia)</subfield>
  </datafield>
  <datafield tag="991" ind1=" " ind2=" ">
    <subfield code="b">c-GenColl</subfield>
    <subfield code="h">PG3227.5</subfield>
    <subfield code="i">.P59 1916</subfield>
    <subfield code="p">00019089502</subfield>
    <subfield code="t">Copy 1</subfield>
    <subfield code="w">BOOKS</subfield>
  </datafield>
</record>