
<record>
  <leader>01440cam a22002651  4500</leader>
  <controlfield tag="001">4543578</controlfield>
  <controlfield tag="005">20200103130306.0</controlfield>
  <controlfield tag="008">690130s1968    ohu      b    000 0 eng  </controlfield>
  <datafield tag="035" ind1=" " ind2=" ">
    <subfield code="9">(DLC)   69010742</subfield>
  </datafield>
  <datafield tag="906" ind1=" " ind2=" ">
    <subfield code="a">7</subfield>
    <subfield code="b">cbc</subfield>
    <subfield code="c">orignew</subfield>
    <subfield code="d">u</subfield>
    <subfield code="e">ncip</subfield>
    <subfield code="f">19</subfield>
    <subfield code="g">y-gencatlg</subfield>
  </datafield>
  <datafield tag="010" ind1=" " ind2=" ">
    <subfield code="a">   69010742 </subfield>
  </datafield>
  <datafield tag="040" ind1=" " ind2=" ">
    <subfield code="a">DLC</subfield>
    <subfield code="c">DLC</subfield>
    <subfield code="d">DLC</subfield>
  </datafield>
  <datafield tag="050" ind1="0" ind2="0">
    <subfield code="a">PN6014</subfield>
    <subfield code="b">.B739</subfield>
  </datafield>
  <datafield tag="082" ind1="0" ind2="0">
    <subfield code="a">808.04/275</subfield>
  </datafield>
  <datafield tag="100" ind1="1" ind2=" ">
    <subfield code="a">Brown, Ashley,</subfield>
    <subfield code="d">1923-</subfield>
    <subfield code="e">comp.</subfield>
  </datafield>
  <datafield tag="245" ind1="1" ind2="0">
    <subfield code="a">Romance.</subfield>
    <subfield code="c">Edited by Ashley Brown [and] John L. Kimmey.</subfield>
  </datafield>
  <datafield tag="260" ind1=" " ind2=" ">
    <subfield code="a">Columbus, Ohio,</subfield>
    <subfield code="b">C. E. Merrill Pub. Co.</subfield>
    <subfield code="c">[1968]</subfield>
  </datafield>
  <datafield tag="300" ind1=" " ind2=" ">
    <subfield code="a">vii, 243 p.</subfield>
    <subfield code="c">23 cm.</subfield>
  </datafield>
  <datafield tag="490" ind1="0" ind2=" ">
    <subfield code="a">Their Modes of literature series</subfield>
  </datafield>
  <datafield tag="504" ind1=" " ind2=" ">
    <subfield code="a">Bibliography: p. 7.</subfield>
  </datafield>
  <datafield tag="505" ind1="0" ind2=" ">
    <subfield code="a">Introduction.--The wife of Usher&apos;s Well. Anonymous.--Kemp Owyne. Anonymous.--The demon lover. Anonymous.--The franklin&apos;s tale, by G. Chaucer.--The tempest, by W. Shakespeare.--The rime of the ancient mariner, by S. T. Coleridge.--La belle dame sans merci, by J. Keats.--The lady of Shalott, by A., Lord Tennyson.--The queen of spades, by A. Pushkin.--William Wilson, by E. A. Poe.--The legend of St. Julian the Hospitaller, by G. Flaubert.--The hunter Gracchus, by F. Kafka.--The listeners, by W. de la Mare.--The witch of Coös, by R. Frost.--The demon lover, by E. Bowen.--The headless hawk, by T. Capote.</subfield>
  </datafield>
  <datafield tag="650" ind1=" " ind2="0">
    <subfield code="a">Literature</subfield>
    <subfield code="x">Collections.</subfield>
  </datafield>
  <datafield tag="650" ind1=" " ind2="0">
    <subfield code="a">College readers.</subfield>
  </datafield>
  <datafield tag="700" ind1="1" ind2=" ">
    <subfield code="a">Kimmey, John,</subfield>
    <subfield code="d">1922-</subfield>
    <subfield code="e">joint comp.</subfield>
  </datafield>
  <datafield tag="991" ind1=" " ind2=" ">
    <subfield code="b">c-GenColl</subfield>
    <subfield code="h">PN6014</subfield>
    <subfield code="i">.B739</subfield>
    <subfield code="t">Copy 1</subfield>
    <subfield code="w">BOOKS</subfield>
  </datafield>
</record>