
<record>
  <leader>01332cam a2200301 a 4500</leader>
  <controlfield tag="001">5179185</controlfield>
  <controlfield tag="005">20200103151652.0</controlfield>
  <controlfield tag="008">910625s1988    ch a     b   l000 0 chi  </controlfield>
  <datafield tag="906" ind1=" " ind2=" ">
    <subfield code="a">7</subfield>
    <subfield code="b">cbc</subfield>
    <subfield code="c">orignew</subfield>
    <subfield code="d">u</subfield>
    <subfield code="e">ncip</subfield>
    <subfield code="f">19</subfield>
    <subfield code="g">y-rlinjack</subfield>
  </datafield>
  <datafield tag="010" ind1=" " ind2=" ">
    <subfield code="a">   91161239 </subfield>
  </datafield>
  <datafield tag="035" ind1=" " ind2=" ">
    <subfield code="a">(CStRLIN)DCLP91-B13457</subfield>
  </datafield>
  <datafield tag="040" ind1=" " ind2=" ">
    <subfield code="a">DLC-R</subfield>
    <subfield code="c">DLC-R</subfield>
    <subfield code="d">CStRLIN</subfield>
    <subfield code="d">DLC</subfield>
  </datafield>
  <datafield tag="050" ind1="0" ind2="0">
    <subfield code="a">DS799.9.K36</subfield>
    <subfield code="b">K3644 1988</subfield>
  </datafield>
  <datafield tag="066" ind1=" " ind2=" ">
    <subfield code="c">$1</subfield>
  </datafield>
  <datafield tag="082" ind1="0" ind2="0">
    <subfield code="a">951.249</subfield>
    <subfield code="2">20</subfield>
  </datafield>
  <datafield tag="245" ind1="0" ind2="0">
    <subfield code="6">880-01</subfield>
    <subfield code="a">Gaoxiong shi fa zhan shi /</subfield>
    <subfield code="c">[bian ji zhe Gaoxiong shi wen xian wei yuan hui ; zhuan shu Gaoxiong shi fa zhan shi bian zuan xiao zu].</subfield>
  </datafield>
  <datafield tag="880" ind1="0" ind2="0">
    <subfield code="6">245-01/$1</subfield>
    <subfield code="a">高雄市發展史 /</subfield>
    <subfield code="c">[编輯者高雄市文獻委員會 ; 撰述高雄市發展史編纂小組].</subfield>
  </datafield>
  <datafield tag="260" ind1=" " ind2=" ">
    <subfield code="6">880-02</subfield>
    <subfield code="a">Gaoxiong Shi :</subfield>
    <subfield code="b">Gaoxiong shi wen xian wei yuan hui,</subfield>
    <subfield code="c">Min guo 77 [1988]</subfield>
  </datafield>
  <datafield tag="880" ind1=" " ind2=" ">
    <subfield code="6">260-02/$1</subfield>
    <subfield code="a">高雄市 :</subfield>
    <subfield code="b">高雄市文獻委員會,</subfield>
    <subfield code="c">民國77 [1988]</subfield>
  </datafield>
  <datafield tag="300" ind1=" " ind2=" ">
    <subfield code="a">10, 1290 p. :</subfield>
    <subfield code="b">ill., maps ;</subfield>
    <subfield code="c">26 cm.</subfield>
  </datafield>
  <datafield tag="504" ind1=" " ind2=" ">
    <subfield code="a">Includes bibliographical references.</subfield>
  </datafield>
  <datafield tag="651" ind1=" " ind2="0">
    <subfield code="6">880-03</subfield>
    <subfield code="a">Kaohsiung City (Taiwan)</subfield>
    <subfield code="x">History.</subfield>
  </datafield>
  <datafield tag="880" ind1=" " ind2="4">
    <subfield code="6">651-03/$1</subfield>
    <subfield code="a">高雄市 (Taiwan)</subfield>
    <subfield code="x">History.</subfield>
  </datafield>
  <datafield tag="710" ind1="2" ind2=" ">
    <subfield code="6">880-04</subfield>
    <subfield code="a">Gaoxiong shi wen xian wei yuan hui.</subfield>
  </datafield>
  <datafield tag="880" ind1="2" ind2=" ">
    <subfield code="6">710-04/$1</subfield>
    <subfield code="a">高雄市文獻委員會.</subfield>
  </datafield>
  <datafield tag="710" ind1="2" ind2=" ">
    <subfield code="6">880-05</subfield>
    <subfield code="a">Gaoxiong shi fa zhan shi bian zuan xiao zu.</subfield>
  </datafield>
  <datafield tag="880" ind1="2" ind2=" ">
    <subfield code="6">710-05/$1</subfield>
    <subfield code="a">高雄市發展史編纂小組.</subfield>
  </datafield>
  <datafield tag="985" ind1=" " ind2=" ">
    <subfield code="a">spacingreload</subfield>
  </datafield>
</record>