
<record>
  <leader>02281cjm a2200589 a 4500</leader>
  <controlfield tag="001">5585026</controlfield>
  <controlfield tag="005">20200103124928.0</controlfield>
  <controlfield tag="007">sdubsmennmplu</controlfield>
  <controlfield tag="008">850205p19841982nyuprn                   </controlfield>
  <datafield tag="906" ind1=" " ind2=" ">
    <subfield code="a">7</subfield>
    <subfield code="b">cbc</subfield>
    <subfield code="c">orignew</subfield>
    <subfield code="d">3</subfield>
    <subfield code="e">ncip</subfield>
    <subfield code="f">19</subfield>
    <subfield code="g">y-genmusic</subfield>
  </datafield>
  <datafield tag="010" ind1=" " ind2=" ">
    <subfield code="a">   84743091 </subfield>
  </datafield>
  <datafield tag="028" ind1="0" ind2="2">
    <subfield code="a">SD 514</subfield>
    <subfield code="b">CRI</subfield>
  </datafield>
  <datafield tag="033" ind1="1" ind2=" ">
    <subfield code="a">198201--</subfield>
    <subfield code="a">198205--</subfield>
    <subfield code="a">198210--</subfield>
    <subfield code="b">3804</subfield>
    <subfield code="c">N4</subfield>
  </datafield>
  <datafield tag="035" ind1=" " ind2=" ">
    <subfield code="9">(DLC)   84743091</subfield>
  </datafield>
  <datafield tag="040" ind1=" " ind2=" ">
    <subfield code="a">DLC</subfield>
    <subfield code="c">DLC</subfield>
    <subfield code="d">DLC</subfield>
  </datafield>
  <datafield tag="045" ind1="1" ind2=" ">
    <subfield code="b">d1973</subfield>
    <subfield code="b">d1973</subfield>
    <subfield code="b">d1969</subfield>
    <subfield code="b">d1975</subfield>
  </datafield>
  <datafield tag="048" ind1=" " ind2=" ">
    <subfield code="a">ka01</subfield>
    <subfield code="b">bd01</subfield>
  </datafield>
  <datafield tag="048" ind1=" " ind2=" ">
    <subfield code="a">sa01</subfield>
  </datafield>
  <datafield tag="048" ind1=" " ind2=" ">
    <subfield code="a">ka01</subfield>
    <subfield code="b">sc01</subfield>
  </datafield>
  <datafield tag="048" ind1=" " ind2=" ">
    <subfield code="a">sa02</subfield>
    <subfield code="a">sb01</subfield>
    <subfield code="a">sc01</subfield>
  </datafield>
  <datafield tag="050" ind1="1" ind2="0">
    <subfield code="a">M5</subfield>
  </datafield>
  <datafield tag="050" ind1="0" ind2="0">
    <subfield code="a">CRI SD 514</subfield>
  </datafield>
  <datafield tag="100" ind1="1" ind2=" ">
    <subfield code="a">Da Costa, Noel,</subfield>
    <subfield code="d">1929-2002.</subfield>
  </datafield>
  <datafield tag="240" ind1="1" ind2="0">
    <subfield code="a">Instrumental music.</subfield>
    <subfield code="k">Selections</subfield>
  </datafield>
  <datafield tag="245" ind1="1" ind2="0">
    <subfield code="a">Four preludes for trombone and piano ; Jes&apos; grew ; Five verses with vamps /</subfield>
    <subfield code="c">Noel Da Costa. String quartet no. 2 / Howard Boatwright</subfield>
    <subfield code="h">[sound recording].</subfield>
  </datafield>
  <datafield tag="260" ind1=" " ind2=" ">
    <subfield code="a">New York, N.Y. :</subfield>
    <subfield code="b">CRI,</subfield>
    <subfield code="c">p1984.</subfield>
  </datafield>
  <datafield tag="300" ind1=" " ind2=" ">
    <subfield code="a">1 sound disc :</subfield>
    <subfield code="b">33 1/3 rpm, stereo. ;</subfield>
    <subfield code="c">12 in.</subfield>
  </datafield>
  <datafield tag="306" ind1=" " ind2=" ">
    <subfield code="a">000640</subfield>
    <subfield code="a">001005</subfield>
    <subfield code="a">000650</subfield>
    <subfield code="a">002423</subfield>
  </datafield>
  <datafield tag="440" ind1=" " ind2="0">
    <subfield code="a">American contemporary</subfield>
  </datafield>
  <datafield tag="511" ind1="0" ind2=" ">
    <subfield code="a">Per Brevig, trombone, Wanda Maximilien, piano (in the 1st work) ; Max Pollikoff, violin (in the 2nd) ; Evalyn Steinbock, violoncello, David Garvey, piano (in the 3rd) ; Manhattan String Quartet (in the 4th).</subfield>
  </datafield>
  <datafield tag="518" ind1=" " ind2=" ">
    <subfield code="a">Recorded Jan., May, and Oct. 1982, New York City.</subfield>
  </datafield>
  <datafield tag="500" ind1=" " ind2=" ">
    <subfield code="a">Durations: 6:40; 10:05; 6:50; 24:23.</subfield>
  </datafield>
  <datafield tag="650" ind1=" " ind2="0">
    <subfield code="a">Trombone and piano music.</subfield>
  </datafield>
  <datafield tag="650" ind1=" " ind2="0">
    <subfield code="a">Violin music.</subfield>
  </datafield>
  <datafield tag="650" ind1=" " ind2="0">
    <subfield code="a">Cello and piano music.</subfield>
  </datafield>
  <datafield tag="650" ind1=" " ind2="0">
    <subfield code="a">String quartets.</subfield>
  </datafield>
  <datafield tag="700" ind1="1" ind2=" ">
    <subfield code="a">Brevig, Per.</subfield>
    <subfield code="4">prf</subfield>
  </datafield>
  <datafield tag="700" ind1="1" ind2=" ">
    <subfield code="a">Maximilien, Wanda.</subfield>
    <subfield code="4">prf</subfield>
  </datafield>
  <datafield tag="700" ind1="1" ind2=" ">
    <subfield code="a">Pollikoff, Max.</subfield>
    <subfield code="4">prf</subfield>
  </datafield>
  <datafield tag="700" ind1="1" ind2=" ">
    <subfield code="a">Steinbock, Evalyn.</subfield>
    <subfield code="4">prf</subfield>
  </datafield>
  <datafield tag="700" ind1="1" ind2=" ">
    <subfield code="a">Garvey, David,</subfield>
    <subfield code="d">1922-1995.</subfield>
    <subfield code="4">prf</subfield>
  </datafield>
  <datafield tag="700" ind1="1" ind2="2">
    <subfield code="a">Da Costa, Noel,</subfield>
    <subfield code="d">1929-2002.</subfield>
    <subfield code="t">Preludes,</subfield>
    <subfield code="m">trombone, piano.</subfield>
    <subfield code="f">1984.</subfield>
  </datafield>
  <datafield tag="700" ind1="1" ind2="2">
    <subfield code="a">Da Costa, Noel,</subfield>
    <subfield code="d">1929-2002.</subfield>
    <subfield code="t">Jes&apos; grew.</subfield>
    <subfield code="f">1984.</subfield>
  </datafield>
  <datafield tag="700" ind1="1" ind2="2">
    <subfield code="a">Da Costa, Noel,</subfield>
    <subfield code="d">1929-2002.</subfield>
    <subfield code="t">Verses/with vamps.</subfield>
    <subfield code="f">1984.</subfield>
  </datafield>
  <datafield tag="700" ind1="1" ind2="2">
    <subfield code="a">Boatwright, Howard.</subfield>
    <subfield code="t">Quartets,</subfield>
    <subfield code="m">violins (2), viola, cello,</subfield>
    <subfield code="n">no. 2.</subfield>
    <subfield code="f">1984.</subfield>
  </datafield>
  <datafield tag="710" ind1="2" ind2=" ">
    <subfield code="a">Manhattan String Quartet.</subfield>
    <subfield code="4">prf</subfield>
  </datafield>
  <datafield tag="740" ind1="0" ind2=" ">
    <subfield code="a">Jes&apos; grew.</subfield>
  </datafield>
  <datafield tag="740" ind1="0" ind2=" ">
    <subfield code="a">Five verses with vamps.</subfield>
  </datafield>
  <datafield tag="740" ind1="0" ind2=" ">
    <subfield code="a">5 verses with vamps.</subfield>
  </datafield>
  <datafield tag="740" ind1="0" ind2=" ">
    <subfield code="a">Verses with vamps.</subfield>
  </datafield>
  <datafield tag="953" ind1=" " ind2=" ">
    <subfield code="a">TA28</subfield>
  </datafield>
  <datafield tag="991" ind1=" " ind2=" ">
    <subfield code="b">c-RecSound</subfield>
    <subfield code="h">CRI SD 514</subfield>
    <subfield code="w">MUSIC</subfield>
  </datafield>
</record>