
<record>
  <leader>02579cjm a2200589 a 4500</leader>
  <controlfield tag="001">5593590</controlfield>
  <controlfield tag="005">20200103125236.0</controlfield>
  <controlfield tag="007">sdubsmennmplu</controlfield>
  <controlfield tag="008">850710p19801979sw mun                   </controlfield>
  <datafield tag="906" ind1=" " ind2=" ">
    <subfield code="a">7</subfield>
    <subfield code="b">cbc</subfield>
    <subfield code="c">orignew</subfield>
    <subfield code="d">3</subfield>
    <subfield code="e">ncip</subfield>
    <subfield code="f">19</subfield>
    <subfield code="g">y-genmusic</subfield>
  </datafield>
  <datafield tag="035" ind1=" " ind2=" ">
    <subfield code="9">(DLC)   85753085</subfield>
  </datafield>
  <datafield tag="010" ind1=" " ind2=" ">
    <subfield code="a">   85753085 </subfield>
  </datafield>
  <datafield tag="028" ind1="0" ind2="2">
    <subfield code="a">BELL 113</subfield>
    <subfield code="b">Bluebell of Sweden</subfield>
  </datafield>
  <datafield tag="033" ind1="2" ind2=" ">
    <subfield code="a">19790322</subfield>
    <subfield code="a">19800826</subfield>
    <subfield code="b">6954</subfield>
    <subfield code="c">S7</subfield>
  </datafield>
  <datafield tag="040" ind1=" " ind2=" ">
    <subfield code="a">DLC</subfield>
    <subfield code="c">DLC</subfield>
    <subfield code="d">DLC</subfield>
  </datafield>
  <datafield tag="045" ind1="1" ind2=" ">
    <subfield code="b">d1976</subfield>
    <subfield code="b">d1978</subfield>
  </datafield>
  <datafield tag="047" ind1=" " ind2=" ">
    <subfield code="a">su</subfield>
    <subfield code="a">ov</subfield>
    <subfield code="a">mi</subfield>
  </datafield>
  <datafield tag="048" ind1=" " ind2=" ">
    <subfield code="a">od</subfield>
  </datafield>
  <datafield tag="048" ind1=" " ind2=" ">
    <subfield code="a">bu06</subfield>
  </datafield>
  <datafield tag="048" ind1=" " ind2=" ">
    <subfield code="a">bu12</subfield>
    <subfield code="a">pz01</subfield>
    <subfield code="a">sd01</subfield>
  </datafield>
  <datafield tag="050" ind1="1" ind2="0">
    <subfield code="a">M1200</subfield>
  </datafield>
  <datafield tag="050" ind1="0" ind2="0">
    <subfield code="a">Bluebell of Sweden BELL 113</subfield>
  </datafield>
  <datafield tag="245" ind1="0" ind2="0">
    <subfield code="a">Regionmusiken</subfield>
    <subfield code="h">[sound recording].</subfield>
  </datafield>
  <datafield tag="260" ind1=" " ind2=" ">
    <subfield code="a">[Sweden] :</subfield>
    <subfield code="b">Bluebell of Sweden,</subfield>
    <subfield code="c">p1980.</subfield>
  </datafield>
  <datafield tag="300" ind1=" " ind2=" ">
    <subfield code="a">1 sound disc :</subfield>
    <subfield code="b">analog, 33 1/3 rpm, stereo. ;</subfield>
    <subfield code="c">12 in.</subfield>
  </datafield>
  <datafield tag="306" ind1=" " ind2=" ">
    <subfield code="a">000742</subfield>
    <subfield code="a">000801</subfield>
    <subfield code="a">000315</subfield>
    <subfield code="a">000700</subfield>
    <subfield code="a">000736</subfield>
    <subfield code="a">000540</subfield>
  </datafield>
  <datafield tag="500" ind1=" " ind2=" ">
    <subfield code="a">The 1st work, for brass sextet; 2nd-5th, for brass band; 6th, for 12 brasses, percussion, and double bass.</subfield>
  </datafield>
  <datafield tag="500" ind1=" " ind2=" ">
    <subfield code="a">Title from container.</subfield>
  </datafield>
  <datafield tag="500" ind1=" " ind2=" ">
    <subfield code="a">At head of title: Verbunk.</subfield>
  </datafield>
  <datafield tag="511" ind1="0" ind2=" ">
    <subfield code="a">Linköpings brassensemble (1st work) ; Stockholms blåsarsymfoniker ; Per Lyng (2nd, 6th works), Per Ohlsson (3rd-5th works), conductors.</subfield>
  </datafield>
  <datafield tag="500" ind1=" " ind2=" ">
    <subfield code="a">Eds. recorded: Edition Suecia (1st work); Edition Suecia, manuskriptserien (2nd-6th works).</subfield>
  </datafield>
  <datafield tag="518" ind1=" " ind2=" ">
    <subfield code="a">Recorded between Mar. 22, 1979 and Aug. 26, 1980, principally in Studio 2, Radiohuset, Stockholm.</subfield>
  </datafield>
  <datafield tag="505" ind1="0" ind2=" ">
    <subfield code="a">Verbunk : for brass sextet, 1976 (7:42) ; Eden : 1978 (8:01) / Csaba Deák -- Menuett, 1976 / Toomas Tuulse (3:15) -- Circus-suite / Julius Jacobsen (7:00) -- Trägen vinner : lustspel-uvertyr för blåsorkester, slagverk &amp; kontrabas (7:36) ; Circus-uvertyr : för 12 blåsare, slagverk &amp; kontrabas (5:40) / Eberhard Eyser.</subfield>
  </datafield>
  <datafield tag="650" ind1=" " ind2="0">
    <subfield code="a">Band music.</subfield>
  </datafield>
  <datafield tag="650" ind1=" " ind2="0">
    <subfield code="a">Brass sextets.</subfield>
  </datafield>
  <datafield tag="650" ind1=" " ind2="0">
    <subfield code="a">Minuets.</subfield>
  </datafield>
  <datafield tag="650" ind1=" " ind2="0">
    <subfield code="a">Suites (Band)</subfield>
  </datafield>
  <datafield tag="650" ind1=" " ind2="0">
    <subfield code="a">Overtures (Band)</subfield>
  </datafield>
  <datafield tag="650" ind1=" " ind2="0">
    <subfield code="a">Overtures (Instrumental ensemble)</subfield>
  </datafield>
  <datafield tag="700" ind1="1" ind2=" ">
    <subfield code="a">Lyng, Per.</subfield>
    <subfield code="4">cnd</subfield>
  </datafield>
  <datafield tag="700" ind1="1" ind2=" ">
    <subfield code="a">Ohlsson, Per.</subfield>
    <subfield code="4">cnd</subfield>
  </datafield>
  <datafield tag="700" ind1="1" ind2="2">
    <subfield code="a">Deák, Csaba,</subfield>
    <subfield code="d">1932-2018.</subfield>
    <subfield code="t">Verbunk.</subfield>
    <subfield code="f">1980.</subfield>
  </datafield>
  <datafield tag="700" ind1="1" ind2="2">
    <subfield code="a">Deák, Csaba,</subfield>
    <subfield code="d">1932-2018.</subfield>
    <subfield code="t">Eden.</subfield>
    <subfield code="f">1980.</subfield>
  </datafield>
  <datafield tag="700" ind1="1" ind2="2">
    <subfield code="a">Tuulse, Toomas,</subfield>
    <subfield code="d">1946-</subfield>
    <subfield code="t">Minuet,</subfield>
    <subfield code="m">band.</subfield>
    <subfield code="f">1980.</subfield>
  </datafield>
  <datafield tag="700" ind1="1" ind2="2">
    <subfield code="a">Jacobsen, Julius.</subfield>
    <subfield code="t">Circus suite.</subfield>
    <subfield code="f">1980.</subfield>
  </datafield>
  <datafield tag="700" ind1="1" ind2="2">
    <subfield code="a">Eyser, Eberhard.</subfield>
    <subfield code="t">Trägen vinner.</subfield>
    <subfield code="f">1980.</subfield>
  </datafield>
  <datafield tag="700" ind1="1" ind2="2">
    <subfield code="a">Eyser, Eberhard.</subfield>
    <subfield code="t">Circus-uvertyr.</subfield>
    <subfield code="f">1980.</subfield>
  </datafield>
  <datafield tag="710" ind1="2" ind2=" ">
    <subfield code="a">Linköpings brassensemble.</subfield>
    <subfield code="4">prf</subfield>
  </datafield>
  <datafield tag="710" ind1="2" ind2=" ">
    <subfield code="a">Stockholms blåsarsymfoniker.</subfield>
    <subfield code="4">prf</subfield>
  </datafield>
  <datafield tag="740" ind1="0" ind2=" ">
    <subfield code="a">Verbunk.</subfield>
  </datafield>
  <datafield tag="953" ind1=" " ind2=" ">
    <subfield code="a">TA28</subfield>
  </datafield>
  <datafield tag="991" ind1=" " ind2=" ">
    <subfield code="b">c-RecSound</subfield>
    <subfield code="h">Bluebell of Sweden BELL 113</subfield>
    <subfield code="w">MUSIC</subfield>
  </datafield>
</record>