
<record>
  <leader>02461cjm a2200529 a 4500</leader>
  <controlfield tag="001">5593706</controlfield>
  <controlfield tag="005">20200103125510.0</controlfield>
  <controlfield tag="007">sdubsmennmplu</controlfield>
  <controlfield tag="008">850717s1982    paufgn                   </controlfield>
  <datafield tag="906" ind1=" " ind2=" ">
    <subfield code="a">7</subfield>
    <subfield code="b">cbc</subfield>
    <subfield code="c">orignew</subfield>
    <subfield code="d">3</subfield>
    <subfield code="e">ncip</subfield>
    <subfield code="f">19</subfield>
    <subfield code="g">y-genmusic</subfield>
  </datafield>
  <datafield tag="010" ind1=" " ind2=" ">
    <subfield code="a">   85753208 </subfield>
  </datafield>
  <datafield tag="028" ind1="0" ind2="2">
    <subfield code="a">CRS 8220</subfield>
    <subfield code="b">Contemporary Recording Studios</subfield>
  </datafield>
  <datafield tag="035" ind1=" " ind2=" ">
    <subfield code="9">(DLC)   85753208</subfield>
  </datafield>
  <datafield tag="040" ind1=" " ind2=" ">
    <subfield code="a">DLC</subfield>
    <subfield code="c">DLC</subfield>
    <subfield code="d">DLC</subfield>
  </datafield>
  <datafield tag="045" ind1="1" ind2=" ">
    <subfield code="b">d1950</subfield>
    <subfield code="b">d1970</subfield>
    <subfield code="b">d1974</subfield>
    <subfield code="b">d1973</subfield>
  </datafield>
  <datafield tag="048" ind1=" " ind2=" ">
    <subfield code="a">wd01</subfield>
    <subfield code="a">sa01</subfield>
    <subfield code="a">sb01</subfield>
    <subfield code="a">sc01</subfield>
  </datafield>
  <datafield tag="048" ind1=" " ind2=" ">
    <subfield code="a">wa01</subfield>
    <subfield code="a">wd01</subfield>
    <subfield code="a">sb01</subfield>
    <subfield code="a">ka01</subfield>
  </datafield>
  <datafield tag="048" ind1=" " ind2=" ">
    <subfield code="a">wc01</subfield>
    <subfield code="a">wd01</subfield>
    <subfield code="a">ka01</subfield>
  </datafield>
  <datafield tag="048" ind1=" " ind2=" ">
    <subfield code="a">wd01</subfield>
  </datafield>
  <datafield tag="048" ind1=" " ind2=" ">
    <subfield code="a">wc01</subfield>
    <subfield code="a">ka01</subfield>
  </datafield>
  <datafield tag="050" ind1="1" ind2="0">
    <subfield code="a">M5</subfield>
  </datafield>
  <datafield tag="050" ind1="0" ind2="0">
    <subfield code="a">Contemporary Recording Studios CRS 8220</subfield>
  </datafield>
  <datafield tag="245" ind1="0" ind2="0">
    <subfield code="a">New music</subfield>
    <subfield code="h">[sound recording].</subfield>
  </datafield>
  <datafield tag="260" ind1=" " ind2=" ">
    <subfield code="a">Broomall, Pa. :</subfield>
    <subfield code="b">Contemporary Recording Studios,</subfield>
    <subfield code="c">[1982]</subfield>
  </datafield>
  <datafield tag="300" ind1=" " ind2=" ">
    <subfield code="a">1 sound disc :</subfield>
    <subfield code="b">analog, 33 1/3 rpm, stereo. ;</subfield>
    <subfield code="c">12 in.</subfield>
  </datafield>
  <datafield tag="500" ind1=" " ind2=" ">
    <subfield code="a">The 2nd work for bassoon, flute, viola, and piano; the 6th work arr. for clarinet and piano, originally for voice and piano.</subfield>
  </datafield>
  <datafield tag="511" ind1="0" ind2=" ">
    <subfield code="a">David DeBolt, bassoon ; John Russo, clarinet ; David Cramer, flute ; Olga Mudryk, violin ; Katharine DeBolt, viola ; Wendy Tomlinson, violoncello ; Lydia Walton Ignacio, piano.</subfield>
  </datafield>
  <datafield tag="505" ind1="0" ind2=" ">
    <subfield code="a">Quartet for bassoon and strings / Bernard Garfield -- Adagio and fugue / David DeBolt -- Trio for clarinet, bassoon &amp; piano / John Russo -- Two pieces for bassoon solo / John Russo -- Dialogue for clarinet &amp; piano / Sy Brandon -- Alla gitana / Paul Dukas.</subfield>
  </datafield>
  <datafield tag="650" ind1=" " ind2="0">
    <subfield code="a">Quartets (Bassoon, violin, viola, cello)</subfield>
  </datafield>
  <datafield tag="650" ind1=" " ind2="0">
    <subfield code="a">Canons, fugues, etc. (Piano, bassoon, flute, viola)</subfield>
  </datafield>
  <datafield tag="650" ind1=" " ind2="0">
    <subfield code="a">Trios (Piano, bassoon, clarinet)</subfield>
  </datafield>
  <datafield tag="650" ind1=" " ind2="0">
    <subfield code="a">Bassoon music.</subfield>
  </datafield>
  <datafield tag="650" ind1=" " ind2="0">
    <subfield code="a">Clarinet and piano music.</subfield>
  </datafield>
  <datafield tag="650" ind1=" " ind2="0">
    <subfield code="a">Clarinet and piano music, Arranged.</subfield>
  </datafield>
  <datafield tag="700" ind1="1" ind2=" ">
    <subfield code="a">Cramer, David.</subfield>
    <subfield code="4">prf</subfield>
  </datafield>
  <datafield tag="700" ind1="1" ind2=" ">
    <subfield code="a">Mudryk, Olga.</subfield>
    <subfield code="4">prf</subfield>
  </datafield>
  <datafield tag="700" ind1="1" ind2=" ">
    <subfield code="a">DeBolt, Katharine.</subfield>
    <subfield code="4">prf</subfield>
  </datafield>
  <datafield tag="700" ind1="1" ind2=" ">
    <subfield code="a">Tomlinson, Wendy.</subfield>
    <subfield code="4">prf</subfield>
  </datafield>
  <datafield tag="700" ind1="1" ind2=" ">
    <subfield code="a">Ignacio, Lydia Walton.</subfield>
    <subfield code="4">prf</subfield>
  </datafield>
  <datafield tag="700" ind1="1" ind2="2">
    <subfield code="a">Garfield, Bernard.</subfield>
    <subfield code="t">Quartet,</subfield>
    <subfield code="m">bassoon, violin, viola, cello.</subfield>
    <subfield code="f">1982.</subfield>
  </datafield>
  <datafield tag="700" ind1="1" ind2="2">
    <subfield code="a">DeBolt, David.</subfield>
    <subfield code="t">Adagio and fugue,</subfield>
    <subfield code="m">piano, flute, bassoon, viola.</subfield>
    <subfield code="f">1982.</subfield>
  </datafield>
  <datafield tag="700" ind1="1" ind2="2">
    <subfield code="a">Russo, John.</subfield>
    <subfield code="t">Trios,</subfield>
    <subfield code="m">piano, bassoon, clarinet.</subfield>
    <subfield code="f">1982.</subfield>
  </datafield>
  <datafield tag="700" ind1="1" ind2="2">
    <subfield code="a">Russo, John.</subfield>
    <subfield code="t">Pastorale and tarantella,</subfield>
    <subfield code="m">bassoon.</subfield>
    <subfield code="f">1982.</subfield>
  </datafield>
  <datafield tag="700" ind1="1" ind2="2">
    <subfield code="a">Brandon, Sy.</subfield>
    <subfield code="t">Dialogue.</subfield>
    <subfield code="f">1982.</subfield>
  </datafield>
  <datafield tag="700" ind1="1" ind2="2">
    <subfield code="a">Dukas, Paul,</subfield>
    <subfield code="d">1865-1935.</subfield>
    <subfield code="t">Vocalise-étude;</subfield>
    <subfield code="o">arranged</subfield>
    <subfield code="f">1982.</subfield>
  </datafield>
  <datafield tag="953" ind1=" " ind2=" ">
    <subfield code="a">TA28</subfield>
  </datafield>
  <datafield tag="991" ind1=" " ind2=" ">
    <subfield code="b">c-RecSound</subfield>
    <subfield code="h">Contemporary Recording Studios CRS 8220</subfield>
    <subfield code="w">MUSIC</subfield>
  </datafield>
</record>