
<record>
  <leader>02234cjm a2200517 a 4500</leader>
  <controlfield tag="001">5594691</controlfield>
  <controlfield tag="005">20200103131819.0</controlfield>
  <controlfield tag="007">sdubsmennmplu</controlfield>
  <controlfield tag="008">851001s1983    dk uun                   </controlfield>
  <datafield tag="906" ind1=" " ind2=" ">
    <subfield code="a">7</subfield>
    <subfield code="b">cbc</subfield>
    <subfield code="c">orignew</subfield>
    <subfield code="d">3</subfield>
    <subfield code="e">ncip</subfield>
    <subfield code="f">19</subfield>
    <subfield code="g">y-genmusic</subfield>
  </datafield>
  <datafield tag="010" ind1=" " ind2=" ">
    <subfield code="a">   85754237 </subfield>
  </datafield>
  <datafield tag="028" ind1="0" ind2="2">
    <subfield code="a">27</subfield>
    <subfield code="b">Paula</subfield>
  </datafield>
  <datafield tag="033" ind1=" " ind2=" ">
    <subfield code="b">6920</subfield>
  </datafield>
  <datafield tag="035" ind1=" " ind2=" ">
    <subfield code="9">(DLC)   85754237</subfield>
  </datafield>
  <datafield tag="040" ind1=" " ind2=" ">
    <subfield code="a">DLC</subfield>
    <subfield code="c">DLC</subfield>
    <subfield code="d">DLC</subfield>
  </datafield>
  <datafield tag="045" ind1="1" ind2=" ">
    <subfield code="b">d1978</subfield>
    <subfield code="b">d1982</subfield>
  </datafield>
  <datafield tag="048" ind1=" " ind2=" ">
    <subfield code="a">wa01</subfield>
    <subfield code="a">wb01</subfield>
    <subfield code="a">sa02</subfield>
    <subfield code="a">sb01</subfield>
    <subfield code="a">sc01</subfield>
  </datafield>
  <datafield tag="048" ind1=" " ind2=" ">
    <subfield code="a">wa01</subfield>
    <subfield code="a">wb01</subfield>
    <subfield code="a">wc01</subfield>
    <subfield code="a">wd01</subfield>
    <subfield code="a">ba01</subfield>
    <subfield code="a">sa02</subfield>
    <subfield code="a">sb01</subfield>
    <subfield code="a">sc01</subfield>
    <subfield code="a">sd01</subfield>
  </datafield>
  <datafield tag="048" ind1=" " ind2=" ">
    <subfield code="a">wa01</subfield>
    <subfield code="a">wb01</subfield>
    <subfield code="a">wc01</subfield>
    <subfield code="a">sb01</subfield>
    <subfield code="a">sc01</subfield>
    <subfield code="a">sd01</subfield>
  </datafield>
  <datafield tag="050" ind1="1" ind2="0">
    <subfield code="a">M178</subfield>
  </datafield>
  <datafield tag="050" ind1="0" ind2="0">
    <subfield code="a">Paula 27</subfield>
  </datafield>
  <datafield tag="100" ind1="1" ind2=" ">
    <subfield code="a">Rasmussen, Karl Aage.</subfield>
  </datafield>
  <datafield tag="245" ind1="1" ind2="0">
    <subfield code="a">Parts apart /</subfield>
    <subfield code="c">Karl Aage Rasmussen. Chamber music II / Ole Buck. Drei-klang / Ivar Frounberg. Decet 1982 / Lars Hegaard</subfield>
    <subfield code="h">[sound recording].</subfield>
  </datafield>
  <datafield tag="260" ind1=" " ind2=" ">
    <subfield code="a">Denmark :</subfield>
    <subfield code="b">Paula ;</subfield>
    <subfield code="a">Boston, Mass. :</subfield>
    <subfield code="b">Sole selling agents, Editions Orphée,</subfield>
    <subfield code="c">p1983.</subfield>
  </datafield>
  <datafield tag="300" ind1=" " ind2=" ">
    <subfield code="a">1 sound disc :</subfield>
    <subfield code="b">analog, 33 1/3 rpm, stereo. ;</subfield>
    <subfield code="c">12 in.</subfield>
  </datafield>
  <datafield tag="306" ind1=" " ind2=" ">
    <subfield code="a">001300</subfield>
    <subfield code="a">001143</subfield>
    <subfield code="a">000944</subfield>
    <subfield code="a">001100</subfield>
  </datafield>
  <datafield tag="500" ind1=" " ind2=" ">
    <subfield code="a">The 1st work for flute, oboe, and string quartet; the 2nd and 4th works for flute, oboe, clarinet, bassoon, horn, 2 violins, viola, violoncello, and double bass; the 3rd work for flute, oboe, clarinet, viola, violoncello and double bass.</subfield>
  </datafield>
  <datafield tag="511" ind1="0" ind2=" ">
    <subfield code="a">Vestjysk kammerensemble ; Svend Aaquist Johansen, conductor.</subfield>
  </datafield>
  <datafield tag="518" ind1=" " ind2=" ">
    <subfield code="a">Recorded at Paula Studios, Denmark.</subfield>
  </datafield>
  <datafield tag="500" ind1=" " ind2=" ">
    <subfield code="a">Distributor from label on container.</subfield>
  </datafield>
  <datafield tag="500" ind1=" " ind2=" ">
    <subfield code="a">Durations: 13:00; 11:43; 9:44; 11:00.</subfield>
  </datafield>
  <datafield tag="650" ind1=" " ind2="0">
    <subfield code="a">Sextets (Flute, oboe, violins (2), viola, cello)</subfield>
  </datafield>
  <datafield tag="650" ind1=" " ind2="0">
    <subfield code="a">Instrumental ensembles.</subfield>
  </datafield>
  <datafield tag="650" ind1=" " ind2="0">
    <subfield code="a">Sextets (Clarinet, flute, oboe, viola, cello, double bass)</subfield>
  </datafield>
  <datafield tag="700" ind1="1" ind2=" ">
    <subfield code="a">Johansen, Svend Aaquist.</subfield>
    <subfield code="4">cnd</subfield>
  </datafield>
  <datafield tag="700" ind1="1" ind2="2">
    <subfield code="a">Buck, Ole,</subfield>
    <subfield code="d">1945-</subfield>
    <subfield code="t">Chamber music,</subfield>
    <subfield code="n">no. 2.</subfield>
    <subfield code="f">1983.</subfield>
  </datafield>
  <datafield tag="700" ind1="1" ind2="2">
    <subfield code="a">Frounberg, Ivar,</subfield>
    <subfield code="d">1950-</subfield>
    <subfield code="t">Drei-klang.</subfield>
    <subfield code="f">1983.</subfield>
  </datafield>
  <datafield tag="700" ind1="1" ind2="2">
    <subfield code="a">Hegaard, Lars.</subfield>
    <subfield code="t">Decet,</subfield>
    <subfield code="m">flute, oboe, clarinet, bassoon, horn, violins (2), viola, cello, double bass.</subfield>
    <subfield code="f">1983.</subfield>
  </datafield>
  <datafield tag="710" ind1="2" ind2=" ">
    <subfield code="a">Vestjysk kammerensemble.</subfield>
    <subfield code="4">prf</subfield>
  </datafield>
  <datafield tag="740" ind1="0" ind2=" ">
    <subfield code="a">Chamber music II.</subfield>
  </datafield>
  <datafield tag="740" ind1="0" ind2=" ">
    <subfield code="a">Chamber music two.</subfield>
  </datafield>
  <datafield tag="740" ind1="0" ind2=" ">
    <subfield code="a">Chamber music 2.</subfield>
  </datafield>
  <datafield tag="740" ind1="0" ind2=" ">
    <subfield code="a">Drei-klang.</subfield>
  </datafield>
  <datafield tag="740" ind1="0" ind2=" ">
    <subfield code="a">3-klang.</subfield>
  </datafield>
  <datafield tag="953" ind1=" " ind2=" ">
    <subfield code="a">TA28</subfield>
  </datafield>
  <datafield tag="991" ind1=" " ind2=" ">
    <subfield code="b">c-RecSound</subfield>
    <subfield code="h">Paula 27</subfield>
    <subfield code="w">MUSIC</subfield>
  </datafield>
</record>