
<record>
  <leader>01087cdm a2200301 a 4500</leader>
  <controlfield tag="001">5625984</controlfield>
  <controlfield tag="005">20200103144641.0</controlfield>
  <controlfield tag="008">900822s1927    dcuuua         n         </controlfield>
  <datafield tag="906" ind1=" " ind2=" ">
    <subfield code="a">7</subfield>
    <subfield code="b">cbc</subfield>
    <subfield code="c">orignew</subfield>
    <subfield code="d">2</subfield>
    <subfield code="e">ncip</subfield>
    <subfield code="f">19</subfield>
    <subfield code="g">y-genmusic</subfield>
  </datafield>
  <datafield tag="035" ind1=" " ind2=" ">
    <subfield code="9">(DLC)   90753679</subfield>
  </datafield>
  <datafield tag="010" ind1=" " ind2=" ">
    <subfield code="a">   90753679 </subfield>
  </datafield>
  <datafield tag="040" ind1=" " ind2=" ">
    <subfield code="a">DLC</subfield>
    <subfield code="c">DLC</subfield>
  </datafield>
  <datafield tag="048" ind1=" " ind2=" ">
    <subfield code="a">wa02</subfield>
    <subfield code="a">wb01</subfield>
    <subfield code="a">wc01</subfield>
    <subfield code="a">wd01</subfield>
    <subfield code="a">ba01</subfield>
  </datafield>
  <datafield tag="050" ind1="0" ind2="0">
    <subfield code="a">ML96</subfield>
    <subfield code="b">.H955 no. 10</subfield>
  </datafield>
  <datafield tag="100" ind1="1" ind2=" ">
    <subfield code="a">Huybrechts, Albert,</subfield>
    <subfield code="d">1899-1938.</subfield>
  </datafield>
  <datafield tag="240" ind1="1" ind2="0">
    <subfield code="a">Pastorale,</subfield>
    <subfield code="m">flutes (2), oboe, clarinet, bassoon, horn</subfield>
  </datafield>
  <datafield tag="245" ind1="0" ind2="0">
    <subfield code="a">Pastorale pour 6 instruments à vent, 1927 /</subfield>
    <subfield code="c">Albert Huybrechts.</subfield>
  </datafield>
  <datafield tag="260" ind1=" " ind2=" ">
    <subfield code="c">1927 Apr.</subfield>
  </datafield>
  <datafield tag="300" ind1=" " ind2=" ">
    <subfield code="a">1 ms. score (34 p.) ;</subfield>
    <subfield code="c">32 cm.</subfield>
  </datafield>
  <datafield tag="500" ind1=" " ind2=" ">
    <subfield code="a">Holograph.</subfield>
  </datafield>
  <datafield tag="500" ind1=" " ind2=" ">
    <subfield code="a">For 2 flutes, oboe, clarinet, bassoon, and horn.</subfield>
  </datafield>
  <datafield tag="500" ind1=" " ind2=" ">
    <subfield code="a">&quot;Manuscripts of the musical works / Albert Huybrechts ; No 11&quot;--Folder.</subfield>
  </datafield>
  <datafield tag="500" ind1=" " ind2=" ">
    <subfield code="a">Purchased from Jacques A. Huybrechts, July 1, 1970.</subfield>
  </datafield>
  <datafield tag="500" ind1=" " ind2=" ">
    <subfield code="a">In pencil.</subfield>
  </datafield>
  <datafield tag="650" ind1=" " ind2="0">
    <subfield code="a">Wind sextets (Bassoon, clarinet, flutes (2), horn, oboe)</subfield>
    <subfield code="x">Scores.</subfield>
  </datafield>
  <datafield tag="952" ind1=" " ind2=" ">
    <subfield code="a">New</subfield>
  </datafield>
  <datafield tag="953" ind1=" " ind2=" ">
    <subfield code="a">TA28</subfield>
  </datafield>
  <datafield tag="991" ind1=" " ind2=" ">
    <subfield code="b">c-Music</subfield>
    <subfield code="h">ML96</subfield>
    <subfield code="i">.H955 no. 10</subfield>
    <subfield code="t">Copy 1</subfield>
    <subfield code="m">Case</subfield>
    <subfield code="w">MUSIC</subfield>
  </datafield>
</record>