
<record>
  <leader>02430cjm a2200445 a 4500</leader>
  <controlfield tag="001">5651938</controlfield>
  <controlfield tag="005">20200103131007.0</controlfield>
  <controlfield tag="007">sdubsmennmplu</controlfield>
  <controlfield tag="008">920624p19801979xr sun                   </controlfield>
  <datafield tag="906" ind1=" " ind2=" ">
    <subfield code="a">7</subfield>
    <subfield code="b">cbc</subfield>
    <subfield code="c">orignew</subfield>
    <subfield code="d">3</subfield>
    <subfield code="e">ncip</subfield>
    <subfield code="f">19</subfield>
    <subfield code="g">y-genmusic</subfield>
  </datafield>
  <datafield tag="955" ind1=" " ind2=" ">
    <subfield code="a">vf97; vk07 06-18-93</subfield>
  </datafield>
  <datafield tag="010" ind1=" " ind2=" ">
    <subfield code="a">   92762312 </subfield>
  </datafield>
  <datafield tag="028" ind1="0" ind2="2">
    <subfield code="a">1111 2616</subfield>
    <subfield code="b">Supraphon</subfield>
  </datafield>
  <datafield tag="033" ind1="2" ind2=" ">
    <subfield code="a">19780917</subfield>
    <subfield code="a">19781204</subfield>
    <subfield code="b">6514</subfield>
    <subfield code="c">P7</subfield>
  </datafield>
  <datafield tag="035" ind1=" " ind2=" ">
    <subfield code="9">(DLC)   92762312</subfield>
  </datafield>
  <datafield tag="040" ind1=" " ind2=" ">
    <subfield code="a">DLC</subfield>
    <subfield code="c">DLC</subfield>
    <subfield code="d">DLC</subfield>
  </datafield>
  <datafield tag="043" ind1=" " ind2=" ">
    <subfield code="a">e-xr---</subfield>
  </datafield>
  <datafield tag="050" ind1="0" ind2="0">
    <subfield code="a">Supraphon 1111 2616</subfield>
  </datafield>
  <datafield tag="110" ind1="2" ind2=" ">
    <subfield code="a">Collegium Musicum Pragense.</subfield>
    <subfield code="4">prf</subfield>
  </datafield>
  <datafield tag="245" ind1="1" ind2="0">
    <subfield code="a">Czech pastoral partitas</subfield>
    <subfield code="h">[sound recording] /</subfield>
    <subfield code="c">realization of all compositions by Antonín Myslík.</subfield>
  </datafield>
  <datafield tag="260" ind1=" " ind2=" ">
    <subfield code="a">Czechoslovakia :</subfield>
    <subfield code="b">Supraphon,</subfield>
    <subfield code="c">p1980.</subfield>
  </datafield>
  <datafield tag="300" ind1=" " ind2=" ">
    <subfield code="a">1 sound disc :</subfield>
    <subfield code="b">analog, 33 1/3 rpm, stereo. ;</subfield>
    <subfield code="c">12 in.</subfield>
  </datafield>
  <datafield tag="306" ind1=" " ind2=" ">
    <subfield code="a">001100</subfield>
    <subfield code="a">000405</subfield>
    <subfield code="a">001000</subfield>
    <subfield code="a">000900</subfield>
    <subfield code="a">001500</subfield>
  </datafield>
  <datafield tag="500" ind1=" " ind2=" ">
    <subfield code="a">The 5th work is an arrangement of a quintet.</subfield>
  </datafield>
  <datafield tag="511" ind1="0" ind2=" ">
    <subfield code="a">Collegium Musicum Pragense; František Vajnar, conductor.</subfield>
  </datafield>
  <datafield tag="518" ind1=" " ind2=" ">
    <subfield code="a">Recorded Sept. 17-Dec. 4, 1978 at the Supraphon Studio, House of Artists, Prague.</subfield>
  </datafield>
  <datafield tag="505" ind1="0" ind2=" ">
    <subfield code="a">Partita in D for 2 oboes, 2 French horns, and 2 bassoons / Václav Vincenc Mašek (11:00) -- Allegro ut pastorella : in B, for 2 clarinets, 2 French horns, 2 bassoons, and tuba pastoralis / Václav Havel (4:05) -- Divertimento pastorale : in B, for 2 oboes, 2 clarinets, 2 French horns, and 2 bassoons / Josef Fiala (10:00) -- Partita pastoralis : in G, for 2 oboes, 2 French horns, and 2 bassoons / anonymous composer (9:00) -- Concertino con pastorella : in F, for 2 oboes, 2 clarinets, 2 French horns, 2 bassoons, double-bass, and tambourine / Vaclav Pichl (15:00).</subfield>
  </datafield>
  <datafield tag="650" ind1=" " ind2="0">
    <subfield code="a">Suites (Instrumental ensemble)</subfield>
  </datafield>
  <datafield tag="650" ind1=" " ind2="0">
    <subfield code="a">Wind septets (Alphorn, bassoons (2), clarinets (2), horns (2))</subfield>
  </datafield>
  <datafield tag="650" ind1=" " ind2="0">
    <subfield code="a">Christmas music.</subfield>
  </datafield>
  <datafield tag="650" ind1=" " ind2="0">
    <subfield code="a">Music</subfield>
    <subfield code="z">Czech Republic.</subfield>
  </datafield>
  <datafield tag="700" ind1="1" ind2=" ">
    <subfield code="a">Myslík, Antonín.</subfield>
  </datafield>
  <datafield tag="700" ind1="1" ind2=" ">
    <subfield code="a">Vajnar, František.</subfield>
    <subfield code="4">cnd</subfield>
  </datafield>
  <datafield tag="700" ind1="1" ind2="2">
    <subfield code="a">Mašek, Václav Vincenc,</subfield>
    <subfield code="d">1755-1831.</subfield>
    <subfield code="t">Partitas,</subfield>
    <subfield code="m">oboes (2), horns (2), bassoons (2),</subfield>
    <subfield code="r">D major.</subfield>
  </datafield>
  <datafield tag="700" ind1="1" ind2="2">
    <subfield code="a">Havel, Václav,</subfield>
    <subfield code="d">approximately 1778-</subfield>
    <subfield code="t">Allegro ut pastorella.</subfield>
  </datafield>
  <datafield tag="700" ind1="1" ind2="2">
    <subfield code="a">Fiala, Joseph,</subfield>
    <subfield code="d">1748-1816.</subfield>
    <subfield code="t">Divertimenti,</subfield>
    <subfield code="m">oboes (2), clarinets (2), horns (2), bassoon,</subfield>
    <subfield code="n">WV 5.84,</subfield>
    <subfield code="r">B♭ major.</subfield>
  </datafield>
  <datafield tag="700" ind1="1" ind2="2">
    <subfield code="a">Pichl, Wenzel,</subfield>
    <subfield code="d">1741-1805.</subfield>
    <subfield code="t">Partita pastoralis;</subfield>
    <subfield code="o">arranged.</subfield>
  </datafield>
  <datafield tag="730" ind1="0" ind2="2">
    <subfield code="a">Partita pastoralis.</subfield>
  </datafield>
  <datafield tag="953" ind1=" " ind2=" ">
    <subfield code="a">TA28</subfield>
  </datafield>
  <datafield tag="991" ind1=" " ind2=" ">
    <subfield code="b">c-RecSound</subfield>
    <subfield code="h">Supraphon 1111 2616</subfield>
    <subfield code="w">MUSIC</subfield>
  </datafield>
</record>