
<record>
  <leader>00976ccm a2200253 a 4500</leader>
  <controlfield tag="001">5655394</controlfield>
  <controlfield tag="005">20200103130639.0</controlfield>
  <controlfield tag="008">920806s1989    ne dva         n         </controlfield>
  <datafield tag="906" ind1=" " ind2=" ">
    <subfield code="a">7</subfield>
    <subfield code="b">cbc</subfield>
    <subfield code="c">orignew</subfield>
    <subfield code="d">4</subfield>
    <subfield code="e">ncip</subfield>
    <subfield code="f">19</subfield>
    <subfield code="g">y-genmusic</subfield>
  </datafield>
  <datafield tag="035" ind1=" " ind2=" ">
    <subfield code="9">(DLC)   92766269</subfield>
  </datafield>
  <datafield tag="010" ind1=" " ind2=" ">
    <subfield code="a">   92766269 </subfield>
  </datafield>
  <datafield tag="028" ind1="3" ind2="2">
    <subfield code="a">234</subfield>
    <subfield code="b">Edition Compusic</subfield>
  </datafield>
  <datafield tag="040" ind1=" " ind2=" ">
    <subfield code="a">DLC</subfield>
    <subfield code="c">DLC</subfield>
  </datafield>
  <datafield tag="050" ind1="0" ind2="0">
    <subfield code="a">M857</subfield>
    <subfield code="b">.E35 C maj. 1989</subfield>
  </datafield>
  <datafield tag="100" ind1="1" ind2=" ">
    <subfield code="a">Eichner, Ernst,</subfield>
    <subfield code="d">1740-1777.</subfield>
  </datafield>
  <datafield tag="240" ind1="1" ind2="0">
    <subfield code="a">Divertimento,</subfield>
    <subfield code="m">oboes (2), clarinets (2), horns (2), bassoons (2),</subfield>
    <subfield code="r">C major</subfield>
  </datafield>
  <datafield tag="245" ind1="0" ind2="0">
    <subfield code="a">Divertissement in C for 2 oboes, 2 clarinets, 2 horns, and 2 bassoons /</subfield>
    <subfield code="c">Ernesto Eichner.</subfield>
  </datafield>
  <datafield tag="260" ind1=" " ind2=" ">
    <subfield code="a">Amsterdam :</subfield>
    <subfield code="b">Edition Compusic,</subfield>
    <subfield code="c">[1989]</subfield>
  </datafield>
  <datafield tag="300" ind1=" " ind2=" ">
    <subfield code="a">1 score (21 p.) + 8 parts ;</subfield>
    <subfield code="c">30 cm.</subfield>
  </datafield>
  <datafield tag="440" ind1=" " ind2="4">
    <subfield code="a">The Nieuwenhuis selection for windensemble ;</subfield>
    <subfield code="v">234</subfield>
  </datafield>
  <datafield tag="650" ind1=" " ind2="0">
    <subfield code="a">Suites (Bassoons (2), clarinets (2), horns (2), oboes (2))</subfield>
    <subfield code="x">Scores and parts.</subfield>
  </datafield>
  <datafield tag="952" ind1=" " ind2=" ">
    <subfield code="a">New - Copy Command</subfield>
  </datafield>
  <datafield tag="953" ind1=" " ind2=" ">
    <subfield code="a">TA28</subfield>
  </datafield>
  <datafield tag="991" ind1=" " ind2=" ">
    <subfield code="b">c-Music</subfield>
    <subfield code="h">M857</subfield>
    <subfield code="i">.E35 C maj. 1989</subfield>
    <subfield code="t">Copy 1</subfield>
    <subfield code="w">MUSIC</subfield>
  </datafield>
</record>